1781 3217
0 590 43 634 a

744 135 1050 188 -3-

162 261 480 321 catiofuisset‚
509 261 627 307 inter
656 276 869 311 occasum
896 263 1007 309 solis
1037 268 1085 310 et
1112 261 1446 322 septentriones
1470 263 1621 322 sitam,

162 359 252 390 non
290 345 357 392 ita
392 343 616 388 immerito
643 343 737 396 sic,
774 349 826 389 ut
853 344 1024 390 factum
1051 345 1136 403 sit,
1172 344 1394 399 describi3
1432 348 1481 387 at
1508 358 1618 389 vero

163 425 300 490 etiam
329 424 435 468 illas
463 438 639 482 pugnas
668 430 715 470 et
742 418 880 485 mala,
905 425 1125 473 Romanis
1151 426 1255 471 iude
1273 431 1389 483 orta,
1419 440 1476 470 ex
1493 430 1622 482 parte

165 504 393 563 effecisse,
421 510 472 550 ut
501 506 557 551 de
586 510 684 551 tota
711 510 843 551 terra
858 511 952 553 tam
981 506 1101 552 male
1128 507 1350 552 sentirent
1364 505 1623 566 infestoque

155 584 429 641 judicarent.
471 586 589 638 Quin
607 587 706 645 ipse
721 586 915 633 Tacitus
925 588 962 646 1)
987 589 1081 643 iam
1098 592 1264 644 monet,
1294 603 1371 633 res
1386 604 1416 633 a
1431 586 1619 645 popula·

159 665 286 711 ribus
315 667 410 711 suis
438 667 486 712 in
514 670 659 725 majus
689 685 791 716 esse
820 676 1003 729 auctas,
1033 669 1362 728 discrimenque
1390 668 1437 712 in
1464 683 1619 713 rerum

161 753 326 793 natura
354 749 549 805 positum
578 750 696 795 inter
725 756 878 797 terrae
905 751 1115 810 regiones
1145 750 1431 810 aquilonares
1463 754 1510 794 ct
1538 763 1617 795 au-

159 828 324 874 strales
354 830 575 886 agnoscit.
598 834 640 884 ²)
1364 822 1380 836 “’

854 979 865 991 .
896 944 946 992 2.

713 1036 800 1083 ΒΕ
817 945 1048 1085 §SILVIS

278 1137 551 1197 Plerumque
587 1132 782 1198 antiqua
807 1140 1053 1185 Germania
1087 1139 1205 1185 false
1245 1139 1469 1196 cogitatur
1509 1131 1621 1183 esse¹

157 1221 306 1276 terra,
353 1233 445 1263 una
483 1232 627 1278 eaque
666 1218 865 1264 infinitae
911 1218 1229 1278 magnitudinis
1274 1218 1392 1264 silva
1437 1223 1614 1276 operta,

159 1312 296 1355 quae,
325 1299 502 1343 nonnisi
531 1298 768 1357 paludibus
797 1300 1073 1358 interrupta,
1111 1300 1221 1343 solis
1249 1299 1401 1343 radios
1431 1314 1460 1341 a
1488 1303 1614 1342 terra

158 1376 412 1435 prohibeat.
476 1377 606 1431 Quae
634 1377 780 1424 falsae
809 1379 1040 1437 opiniones
1069 1380 1262 1424 maxime
1292 1393 1318 1422 e
1348 1378 1614 1435 descriptio-

145 1457 288 1501 'nibus
317 1457 577 1513 Hercyniae
615 1458 759 1504 silvae
789 1461 908 1517 apud
937 1459 1181 1506 Caesarem
1199 1461 1263 1517 ³),
1301 1457 1467 1502 Melam
1490 1458 1528 1516 4)
1566 1461 1617 1501 et

155 1537 350 1583 Plinium
371 1539 411 1596 ⁵)
451 1539 672 1595 prodiisse
711 1540 932 1585 videntur.
990 1539 1121 1584 Multi
1159 1543 1311 1583 autem
1348 1534 1434 1583 viri
1474 1537 1612 1594 docti,

154 1622 202 1662 et
229 1617 348 1662 inter
377 1617 695 1675 eos‘imprimis
712 1617 1042 1677 Wilhelmusss),
1071 1618 1449 1675 demonstrarunt,
1476 1631 1611 1662 voca-

153 1697 258 1742 bulo
288 1697 521 1752 Hercynia
547 1698 659 1742 nihil
688 1697 931 1754 contineri,
959 1697 1048 1742 nisi
1075 1702 1277 1742 nostrum
1306 1696 1453 1754 Har-t,
1483 1699 1612 1753 cujus

153 1775 425 1834 significatio
449 1781 603 1821 nostro
630 1776 780 1821 Wald
792 1791 979 1835 prorsus
1000 1778 1286 1835 respondeat.
1343 1776 1433 1820 Hic
1462 1791 1489 1821 e
1516 1775 1610 1831 plu-

154 1855 279 1900 ribus
310 1856 505 1914 antiquis
535 1856 831 1913 scriptoribus
861 1871 995 1900 unum
1021 1861 1073 1900 vet:
1089 1855 1246 1913 viginti
1263 1855 1468 1900 diversos
1486 1869 1610 1897 mon-

156 1940 251 1992 tes,
291 1934 436 1980 saltus
466 1940 513 1979 et
539 1935 685 1992 lucos,
716 1950 902 1995 quorum
930 1935 1234 1993 unusquisque
1254 1935 1351 1989 jam
1380 1932 1611 1991 peculiare

155 2029 282 2068 suum
312 2029 474 2058 nomen
504 2014 721 2072 habebat,
761 2022 1015 2072 enumerat,
1055 2028 1297 2074 eorumque
1336 2013 1469 2057 situm
1508 2028 1610 2072 per-.

154 2093 301 2152 quirit.
359 2093 451 2139 Vix
479 2099 629 2138 autem
657 2094 731 2138 hic
758 2108 970 2138 numerus
999 2093 1149 2136 omnia
1167 2092 1495 2151 complectitur,
1525 2094 1608 2136 sed

245 2230 279 2271 1)
302 2233 394 2265 Ann-
413 2231 457 2274 11,
479 2232 539 2264 24.
586 2232 631 2264 nt
653 2234 730 2274 quis
752 2240 799 2264 ex
819 2230 1009 2273 longinquo
1031 2233 1236 2273 revenerat,
1260 2231 1458 2272 miracula
1478 2239 1608 2266 narra-

154 2288 255 2331 bant,
279 2289 356 2328 vim
380 2287 602 2332 turbinum,
634 2290 672 2320 et
692 2288 893 2320 inauditas
914 2286 1115 2332 volucres,
1140 2287 1317 2320 monstra
1338 2289 1461 2321 maris
1469 2310 1486 2333 ,
1517 2297 1604 2321 am-

155 2345 291 2389 biguas
314 2345 505 2380 hominum
528 2344 566 2376 et
587 2343 800 2376 belluarum
821 2341 994 2386 formas.-
1017 2344 1114 2386 visa,
1138 2345 1218 2376 sive
1241 2352 1288 2378 ex
1309 2346 1405 2379 metu
1427 2345 1574 2378 credita.

244 2401 279 2441 2)
304 2402 423 2436 Germ.
449 2410 482 2435 c.
497 2403 531 2435 5.
555 2403 599 2434 cf.
623 2410 725 2444 pagg.
735 2400 813 2435 1.2.
859 2401 1054 2435 Praeterea
1075 2401 1157 2433 vide
1173 2398 1307 2443 judicia
1328 2404 1491 2436 vet-erum
1512 2403 1606 2435 scri—-

157 2463 297 2501 ptorum
320 2460 364 2492 de
386 2460 549 2500 Europae
571 2458 867 2499 septentrionibus
896 2458 987 2498 apud
1008 2456 1175 2490 vossium
1198 2458 1242 2490 ad
1263 2457 1363 2500 virg.
1386 2458 1520 2499 Georg.
1542 2458 1606 2500 m,

153 2515 366 2548 349-381.
396 2518 434 2547 et
464 2516 501 2547 in
522 2514 646 2548 Ukert.
671 2514 895 2557 fleo-graphia
916 2512 1044 2548 Graec.
1068 2517 1106 2547 et
1127 2514 1229 2549 Rom.
1264 2517 1349 2551 tom.
1373 2514 1416 2549 11.
1446 2515 1535 2548 sect.
1559 2514 1606 2548 11.

152 2581 231 2615 pag.
257 2572 384 2605 1—74.

245 2626 281 2666 3)
304 2628 342 2660 Β.
367 2628 409 2660 G.
434 2627 499 2670 w,
522 2628 580 2660 25.

242 2681 279 2722 ⁴)
300 2685 356 2719 De
378 2686 435 2718 sit.
458 2686 536 2719 orb.
560 2684 624 2728 111,
646 2686 681 2717 8.

244 2737 281 2777 ⁵)
304 2741 393 2773 pun.
418 2742 461 2774 Η.
486 2742 528 2773 N.
552 2741 654 2782 XVI,
677 2741 712 2773 2.

242 2794 279 2835 δἼ
303 2796 358 2830 cf.
383 2797 584 2843 {Bilbelm
608 2794 804 2835 &amonim
827 2794 891 2835 unb
914 2793 991 2840 seint
1013 2794 1206 2841 ffiemobnet.
1251 2796 1375 2834 {Mm-
1398 2799 1501 2834 1823.
1526 2809 1606 2843 pag.

164 2854 211 2889 27
225 2854 322 2886 -53.

1233 2898 1264 2948 1
1285 2901 1312 2925 ο
