1781 3217
713 121 1067 158 „vm-

161 245 260 300 via
308 245 612 315 otperiatur
661 245 723 297 et
774 235 1169 296 collustretur.
1250 234 1448 303 Quum
1486 253 1630 296 vero

164 346 578 416 agriculturam
627 347 896 400 vet-erum
939 342 1364 414 Germanorum
1414 340 1628 398 deseri

161 451 329 513 bere,
395 445 545 517 quod
601 442 837 515 quidem
889 442 1083 500 audax
1129 444 1452 517 m
1487 462 1633 504 esse

164 552 441 608 sentirem
468 590 485 618 ‚
543 547 683 603 mihi
731 549 1206 623 propomam,
1277 545 1368 605 rei
1422 565 1633 606 eonve-

162 657 329 708 niens
371 652 509 706 mihi
546 653 734 707 visum
793 653 916 715 est,
971 647 1049 703 de
1102 649 1227 704 solo
1271 656 1453 722 atque
1493 669 1632 712 eoe

160 758 218 812 lo
238 797 255 824 ,
313 755 388 810 de
435 752 778 810 animalibus
832 750 1171 814 domesticis
1233 760 1417 824 atque
1472 753 1632 827 plan-

163 862 266 927 εἰς,
318 873 472 930 quae
510 856 652 913 illud
683 857 985 926 negotium
1023 854 1120 913 vel
1157 855 1497 930 postulabat
1537 855 1634 915 vel

160 961 567 1037 progignebat‚
605 959 891 1031 quaedam
925 960 1330 1033 praemittere.
1407 960 1502 1017 Ex
1542 959 1633 1015 his

159 1071 221 1123 in
261 1066 561 1139 praesenti
602 1079 784 1119 eausa
823 1060 1009 1117 solum
1047 1060 1281 1136 plantas
1310 1064 1631 1120 frumenta-

159 1173 279 1227 rias
340 1174 402 1224 et
459 1163 690 1238 quidem
764 1165 1096 1237 gramineas
1160 1164 1369 1243 eligo„
1414 1166 1634 1223 eeteris

160 1272 377 1345 plantis
443 1268 689 1340 aliisque
741 1266 917 1323 rebus
970 1267 1087 1323 hue
1122 1269 1531 1340 spectantibus
1563 1270 1632 1350 in

161 1375 319 1429 aliud
363 1381 589 1443 tempus
622 1373 959 1426 reservatis,
1042 1368 1409 1439 Quamquam
1446 1377 1639 1439 aetaS,

160 1474 235 1532 ad
275 1491 447 1544 quam
488 1473 816 1544 disquisitio
856 1479 1063 1529 nostra
1100 1480 1354 1547 spectat,
1388 1491 1427 1529 a
1461 1474 1632 1531 bellis

161 1576 462 1633 Cimbricis
517 1591 702 1645 usque
746 1573 818 1631 ad
868 1574 1146 1632 Tacitum
1206 1578 1336 1636 fere
1402 1582 1631 1632 tantum

161 1682 446 1753 pertinet:
471 1695 588 1732 non
619 1677 881 1734 dubitavi
906 1683 1124 1745 tamen,
1149 1682 1433 1734 seriorum
1454 1682 1633 1734 etiam

162 1785 515 1853 scriptorum
542 1781 740 1847 effata,
784 1783 835 1834 si
875 1779 949 1835 ad
989 1783 1189 1851 priora
1230 1797 1461 1851 quoque
1491 1788 1631 1837 tem-

162 1902 308 1957 pora
348 1892 488 1955 apte
525 1884 739 1939 referri
780 1899 951 1954 posse
977 1882 1340 1951 viderentur,
1373 1883 1632 1941 laudare.

161 1987 237 2042 Et
302 1987 649 2043 Germaniae
705 1984 854 2041 fines
908 1990 1191 2041 aeeurate
1264 1988 1634 2057 perscribere

161 2106 335 2161 quum
389 2089 623 2158 longum
673 2105 785 2143 nee
836 2066 904 2143 id*
951 2091 1351 2144 nec-essarium
1400 2091 1632 2158 fuisset,

160 2195 349 2247 satius
412 2208 545 2247 esse
606 2192 843 2262 putavi,
910 2195 1191 2260 quantum
1239 2190 1371 2245 fieri
1411 2197 1631 2261 posset,

159 2310 624 2366 unumquemque
647 2292 855 2359 loeum,
897 2292 997 2346 ubi
1038 2309 1163 2349 rem
1204 2292 1456 2364 aliquam
1491 2297 1629 2350 seri-

159 2403 360 2470 ptores
423 2398 675 2453 inveniri
725 2394 1105 2453 tradidissent
1122 2438 1139 2465 ,
1204 2398 1393 2468 ipsum
1449 2400 1628 2454 nomi-

162 2517 317 2557 nare.
