1781 3217
713 70 1021 119 ...9-

142 198 260 256 quod
290 197 463 243 Caesar
485 198 523 254 1)
561 201 609 240 et
637 195 811 240 Plinius
832 196 871 255 ²)
909 196 1218 253 tradiderunt,
1235 229 1237 232 ι
1256 196 1308 239 G.
1340 196 1609 242 Tarandum

115 279 117 283 '
141 282 277 336 atque
306 278 357 322 C.
386 276 546 321 Alcem
578 275 742 321 saltum
771 276 1048 332 Hercynium
1088 277 1335 322 habitasse.
1395 278 1461 321 At
1478 293 1481 296 ·
1498 293 1608 323 vero

139 357 332 415 primum
377 355 535 400 horum
561 355 841 402 animalium
885 356 1128 415 descriptio
1175 361 1268 401 tam
1297 356 1515 401 *obseura
1562 362 1610 401 et

145 436 338 480 confusa
376 443 470 495 est,
509 443 559 482 ut
587 437 675 483 viri
705 438 826 481 docti
854 437 988 481 hodie
1017 453 1192 497 quoque
1221 453 1308 482 non
1337 437 1384 481 in
1414 452 1468 482 eo
1500 452 1607 482 eon-³

140 515 416 575 sentiant-⁹0),
446 517 548 561 illos
579 531 740 562 cervos
770 530 879 561 vere
909 516 1227 575 intelligendos
1258 533 1385 572 esse3
1415 518 1605 575 Qinde,

141 595 180 639 si
209 611 372 642 revera
400 596 433 641 ii
463 597 574 647 sint,
604 596 678 656 qui
709 596 1047 654 describantur,
1079 598 1196 657 quod
1227 597 1433 657 equidem
1464 599 1605 642 addu-

140 676 285 720 bitare
314 692 403 719 non
435 677 596 733 ausim,
626 682 775 721 tamen
805 678 952 732 majus
982 678 1158 721 illorum
1188 683 1437 737 temporum
1456 678 1603 735 frigus

138 759 334 801 nondum
373 757 489 801 satis
526 757 762 815 probatum
798 763 883 803 est.
962 758 1211 803 Identidem
1251 758 1387 802 factis
1426 758 1603 816 experi-

139 836 305 879 mentis
336 837 564 892 cognitum
596 842 690 893 est,
722 836 772 880 G.
804 837 1069 895 Tarandos,
1099 838 1175 897 qui
1204 837 1467 896 Lapponiae
1497 837 1602 887 sint,

140 932 198 960 ne
227 916 271 959 in
302 917 492 960 australi
523 917 702 976 quidem
721 916 888 961 Sueeia
907 932 1046 975 posse
1062 917 1322 975 propagari.
1381 918 1446 962 At
1462 918 1602 960 enim-

138 1009 248 1040 vero
279 995 365 1040 hoo
396 995 563 1040 animal
593 995 638 1039 in
667 994 768 1039 aliis
799 995 933 1041 etiam
949 996 1157 1054 Europae
1169 997 1207 1054 4)
1235 995 1496 1054 regionibus
1520 996 1604 1039 ha-

138 1075 277 1132 bitat,
307 1075 567 1120 nominatim
597 1075 642 1119 in
672 1076 862 1119 australi
890 1076 1059 1120 Russia
1088 1090 1230 1134 usque
1260 1078 1318 1119 ad
1346 1075 1500 1119 littora
1518 1075 1600 1119 flu—

139 1154 271 1197 minis
302 1154 499 1212 Cumae,
540 1156 657 1213 quod
686 1155 832 1212 tangit
859 1154 966 1199 45⁰
1002 1154 1273 1212 latitudinis,
1312 1154 1388 1198 ubi
1423 1154 1599 1198 medius

139 1234 324 1290 frigoris
354 1237 513 1279 modus
544 1234 912 1291 septentrionalis
942 1235 1215 1279 Germaniae
1245 1235 1390 1289 frigus
1419 1249 1507 1277 non
1525 1250 1598 1277 su-

141 1317 285 1372 perat.
346 1312 578 1363 Quomodo
616 1311 788 1358 factum
827 1312 907 1371 sit,
952 1317 1002 1358 ut
1033 1312 1083 1358 G.
1115 1312 1358 1358 Tar-andus
1395 1329 1421 1358 e
1450 1313 1599 1372 patria

139 1399 296 1436 nostra
324 1408 510 1449 prorsus
539 1394 814 1449 decesserit,
835 1393 1008 1446 judicio
1037 1393 1248 1449 permitto
1278 1394 1509 1436 doctorum
1526 1408 1599 1436 re-

139 1485 236 1516 rum
273 1470 545 1517 naturalium
582 1470 969 1528 investigatorum.
1043 1470 1193 1516 Minus
1231 1470 1365 1528 longe
1401 1486 1432 1515 a
1466 1470 1598 1515 nobis

136 1552 330 1595 recessit
359 1552 551 1594 alterum
582 1565 1003 1607 cervorumvgenuS.
1063 1551 1254 1593 Habitat
1282 1551 1415 1593 hodie
1444 1551 1490 1592 in
1520 1552 1597 1593 sil-

136 1630 207 1676 vis
238 1630 512 1689 palustribus
536 1629 783 1675 Borussiae
814 1628 1060 1686 orientalis„
1096 1629 1351 1686 Lithaviae‚
1381 1629 1597 1675 Poloniae

139 1715 275 1768 atque
304 1709 516 1753 Russiae.
575 1709 723 1759 Quum
753 1708 892 1764 enim,
923 1708 1146 1751 hominum
1178 1709 1438 1767 adspectum
1467 1715 1597 1754 natu-

135 1790 222 1833 rali
251 1789 488 1833 formidine
520 1804 654 1847 quam
685 1788 876 1832 maxime
902 1788 1107 1845 horrens,
1137 1789 1325 1833 simulac
1345 1790 1596 1847 quempiam

137 1868 447 1927 conspexerit,
485 1882 659 1913 summa
697 1881 799 1911 cum
836 1865 1071 1911 eeleritate
1102 1865 1361 1924 longissime
1390 1868 1598 1926 aufugiat

137 1965 221 1993 nec
251 1949 375 2005 prius
405 1949 518 2005 fuga
548 1948 758 2003 desistat,
796 1962 927 2003 quam
959 1948 1061 1990 dum
1092 1948 1136 1990 in
1167 1953 1309 1991 tutum
1348 1963 1399 1991 se
1437 1964 1596 2006 perve-

136 2028 259 2072 nisse
296 2032 448 2085 putet:
487 2027 532 2071 in
568 2025 735 2071 intimis
773 2029 945 2068 tantum
983 2040 1249 2081 magnarum
1279 2026 1492 2071 silvarum
1521 2042 1595 2071 re-

136 2107 355 2164 cessibus,
385 2120 501 2164 quae
519 2105 661 2148 solum
677 2104 941 2161 paludosum
969 2105 1150 2161 habent,
1180 2106 1417 2162 reperitur.
1474 2107 1595 2158 Quid

135 2189 296 2232 mirum
325 2187 486 2244 igitur,
525 2186 642 2243 quod
672 2184 839 2228 animal
877 2184 921 2228 in
952 2184 1221 2242 Germania,
1260 2201 1480 2244 nusquam
1519 2187 1596 2230 ho-

134 2267 301 2312 minum
331 2281 523 2311 occursu
551 2279 711 2320 vacua,
741 2262 932 2321 amplius
962 2278 1047 2306 non
1066 2264 1311 2309 invenitur!
1340 2266 1462 2310 Ante
1482 2281 1590 2310 non-

135 2348 282 2392 nullos
327 2362 468 2391 annos
511 2346 555 2389 in
602 2343 721 2400 nigri
756 2343 924 2398 Elystri
960 2343 1220 2399 regionibus
1264 2344 1476 2405 saltuosis
1514 2346 1590 2389 iis-

225 2498 259 2537 1)
283 2497 387 2531 Caes.
411 2499 448 2530 B.
476 2497 516 2529 G.
540 2495 607 2537 VI,
630 2494 687 2527 26.
712 2495 749 2526 et,
770 2492 827 2527 27.

223 2555 258 2592 2)
282 2556 369 2588 min.
395 2555 437 2586 H.
461 2553 503 2586 N.
527 2552 627 2592 vm,
650 2551 707 2582 16.
734 2549 788 2581 17.

224 2610 260 2650 3)
284 2611 337 2646 Cf.
362 2609 587 2645 Recherches
608 2616 672 2640 sur
692 2607 747 2638 les
769 2612 958 2639 ossemens
979 2605 1123 2638 fossiles
1146 2614 1210 2649 par
1231 2608 1278 2641 Μ.
1303 2607 1339 2639 le
1361 2608 1431 2640 Bon
1453 2608 1593 2644 (heu-

136 2669 229 2701 vier.
265 2669 451 2703 ·Nouvelle
475 2664 617 2700 edition.
657 2664 766 2697 'rome
789 2663 849 2695 IV.
896 2662 1005 2704 chap.
1029 2664 1072 2696 11.
1098 2667 1166 2697 etc.
1214 2664 1316 2697 1823.

225 2722 260 2763 4)
283 2725 338 2757 cf.
363 2721 518 2767 &dying
540 2716 808 2765 Statutgestbidyte
830 2718 893 2754 unt>
911 2717 1133 2766 xbbitbungcn
1156 2721 1210 2755 bet
1226 2718 1457 2766 &ingemine-
1481 2720 1593 2765 antid,

140 2779 240 2819 1824.
285 2779 354 2817 981).
377 2781 404 2814 1.
429 2790 462 2823 p.
486 2778 682 2817 321-328.
