1781 3217
724 118 1069 169 *36-

161 251 330 291 mestre
367 250 533 290 natura
569 260 653 290 sua
689 244 891 289 triticum
930 247 1063 304 erat,
1110 244 1229 304 quod
1275 243 1319 289 ei
1356 243 1641 303 Thuringico

161 328 321 385 generi
350 327 623 385 respondet,
655 326 784 380 cujus
816 326 1034 370 sementis
1065 327 1246 371 alterna
1275 331 1376 383 est,
1413 340 1495 384 pro
1525 331 1639 371 tem-

163 408 355 468 pestatis
386 406 625 452 affectione
655 405 731 452 vel
761 407 1037 451 autumnalis
1058 407 1133 453 vol
1149 423 1293 455 verna
1310 413 1445 469 atque
1471 407 1638 453 Weck-

164 492 396 535 selweizen
434 487 703 546 appellatur.
762 488 1109 534 Dissensionem
1145 504 1255 535 vero
1294 490 1412 534 inter
1449 489 1642 533 Plinium

166 576 211 614 et
251 568 546 614 Columellam
593 571 851 629 ponderans
891 569 1101 629 equidem
1149 584 1316 614 censeo
1367 571 1641 630 diligentiori

165 651 473 708 Columellae,
504 651 603 709 qui,
635 667 736 694 cum
768 651 976 707 agricola
1004 656 1146 707 esset,
1176 650 1349 693 rectius
1378 665 1516 694 nosse
1546 667 1643 696 rem

165 738 335 790 posset,
367 731 469 789 plus
500 731 606 776 fidei
637 747 740 776 esse
771 730 1045 788 habendum,
1078 746 1212 790 quam
1230 730 1393 789 Plinio,
1426 732 1502 791 qui
1531 732 1643 777 alio-

164 828 263 856 rum
310 812 449 856 libros
495 812 826 870 compilaverit.
893 812 1131 857 Radlofius
1169 813 1309 857 tritici
1355 828 1486 858 usum
1525 815 1646 872 apud

144 895 362 948 'majores
391 898 573 937 nostros
603 909 657 938 eo
690 894 828 937 etiam
860 895 1178 939 demonstrare
1206 893 1320 952 vult,
1351 895 1470 953 quod
1498 894 1644 939 Hero-

167 976 300 1018 dotus
322 975 359 1031 1)
404 974 643 1028 narravit,
681 973 1006 1033 Hyperboreos
1051 990 1272 1032 munera,
1324 990 1440 1033 quae
1478 974 1643 1019 Delum

167 1054 406 1112 quotannis
436 1054 691 1111 mitterent,
729 1055 776 1098 in
807 1055 948 1113 cista,
987 1054 1122 1113 palea
1150 1054 1293 1098 tritici
1322 1053 1468 1111 farta,
1507 1055 1646 1113 impo-

166 1134 328 1179 suisse.
388 1134 597 1194 Denique
628 1135 714 1180 hoc
745 1151 921 1195 quoque
938 1134 1198 1179 testimonio
1215 1150 1319 1179 esse
1336 1134 1495 1192 possit,
1527 1137 1646 1193 quod

168 1215 214 1259 in
243 1215 427 1259 tumulis
458 1216 829 1261 Schliebensibus
860 1216 1099 1261 multitudo
1128 1216 1270 1260 tritici
1300 1230 1551 1273 granorum·
1575 1231 1646 1260 re-

168 1300 302 1353 perta
333 1301 426 1350 est3
464 1311 651 1354 quorum
683 1297 781 1354 ipse
810 1296 1026 1340 nonnulla
1054 1296 1294 1355 possideo,
1324 1311 1440 1354 quae
1470 1296 1647 1355 quidem

170 1375 313 1420 mirae
344 1380 450 1420 sunt
477 1375 732 1434 parvitatis.

823 1525 871 1583 ς.
908 1523 989 1570 16.
1243 1570 1246 1573 ,

595 1626 679 1670 DE
711 1626 938 1671 ssscAu
977 1626 1267 1671 cunEAm.

283 1740 411 1785 Inter
442 1754 522 1783 eos
550 1740 675 1785 viros
709 1740 865 1784 doctos
886 1771 897 1791 ,
937 1740 1012 1798 qui
1042 1755 1192 1784 rerum
1223 1740 1497 1784 naturalium
1528 1741 1649 1798 apud

172 1819 379 1865 Graecos
399 1821 716 1880 Romanosque
748 1825 915 1864 statum
947 1820 1307 1878 investigarunt,
1339 1825 1532 1879 constat,
1563 1836 1648 1866 nec

169 1901 240 1945 his
269 1916 416 1961 neque
446 1901 535 1945 illis
554 1901 602 1945 S.
622 1900 801 1945 cereale
831 1906 1036 1945 nostrum
1065 1905 1221 1944 notum
1251 1900 1417 1958 fuisse,
1451 1906 1530 1945 aut
1548 1901 1645 1945 nul-

168 1981 260 2026 lum
292 1983 472 2041 quidem
504 1982 561 2025 ab
598 1982 803 2040 utrisque
844 1981 1121 2040 descriptum
1157 1981 1372 2025 frumenti
1408 1996 1552 2038 genus
1591 1984 1650 2026 ad

172 2061 260 2104 hoc
291 2062 455 2105 referri
486 2076 623 2118 posse
636 2063 687 2119 2).
748 2061 841 2104 Alii
872 2066 1026 2105 tamen
1057 2060 1332 2105 contrarium
1364 2060 1547 2105 efficere
1573 2076 1650 2106 vo-

170 2139 268 2184 lunt
307 2141 392 2185 hoc
428 2140 565 2184 Plinii
603 2140 705 2184 loco
723 2143 795 2195 3):
846 2140 1054 2197 „Sec-ale
1099 2141 1316 2184 Taurini
1345 2140 1426 2183 sub
1456 2140 1653 2198 Alpibus

169 2220 334 2264 Asiam
362 2209 542 2276 vocant,
588 2220 892 2263 deterrimum
922 2227 970 2263 et
992 2227 1169 2263 tantum
1199 2220 1267 2263 ad
1291 2220 1545 2263 arcendam
1559 2220 1649 2276 fa-

162 2315 312 2353 ·mem;
328 2301 572 2358 fecunda,
602 2301 689 2344 sed
708 2302 899 2361 gracili
922 2301 1120 2358 scapula,
1150 2303 1358 2361 nigritia
1385 2302 1539 2355 trisoe,
1569 2299 1657 2341 sed

142 2394 146 2396 ·
166 2381 378 2438 pondere
402 2360 732 2438 praecipiuum.
793 2379 1098 2424 Admiscetur
1124 2379 1234 2423 huie
1245 2380 1364 2436 sar,
1393 2387 1446 2440 ut
1471 2381 1659 2438 mitiget

171 2461 532 2504 amaritudinem
570 2463 688 2517 ejus:
729 2470 778 2505 et
800 2469 957 2505 tamen
983 2462 1051 2505 sic
1080 2475 1252 2519 quoque
1279 2460 1652 2520 ingratissiMum

263 2610 298 2649 1)
321 2612 361 2644 11.
385 2612 447 2644 Ν.
473 2619 505 2643 e.
530 2612 586 2644 33.

263 2665 298 2706 2)
322 2667 375 2700 Cf.
401 2666 517 2709 ἓίηῑ,
542 2663 600 2702 fib.
622 2666 656 2702 b.
679 2664 777 2703 &ttae
800 2664 911 2712 (Sesti).
934 2666 988 2703 bet
1011 2666 1276 2704 (Seoeaibeatten.
1321 2665 1374 2706 zn
1390 2665 1423 2701 b.
1437 2664 1650 2709 mbanbtun:

178 2730 237 2765 gen
267 2723 304 2811 bai
332 2721 403 2758 ibn.
435 2723 539 2759 mab.
569 2722 603 2759 b.
627 2722 884 2769 tmiffenfdyoften
914 2733 943 2770 ὅ,
972 2724 1091 2761 ffletlin
1124 2728 1187 2760 aug
1218 2724 1252 2759 b.
1282 2722 1413 2766 &ahten
1445 2721 1651 2761 1816-17.

173 2789 206 2821 p.
233 2780 277 2812 13
306 2802 315 2811 .

267 2834 302 2874 3)
325 2837 368 2868 Η.
392 2837 435 2869 N.
460 2838 597 2881 xvm,
621 2839 682 2873 40.
