<?xml version="1.0" encoding="UTF-8"?>
<!DOCTYPE html PUBLIC "-//W3C//DTD XHTML 1.0 Transitional//EN"
    "http://www.w3.org/TR/xhtml1/DTD/xhtml1-transitional.dtd">
<html xmlns="http://www.w3.org/1999/xhtml" xml:lang="en" lang="en">
 <head>
  <title>
</title>
<meta http-equiv="Content-Type" content="text/html;charset=utf-8" />
  <meta name='ocr-system' content='tesseract 3.04.00' />
  <meta name='ocr-capabilities' content='ocr_page ocr_carea ocr_par ocr_line ocrx_word'/>
</head>
<body>
  <div class='ocr_page' id='page_1' title='image "./4622882_0025.png"; bbox 0 0 1781 3217; ppageno 0'>
   <div class='ocr_carea' id='block_1_1' title="bbox 744 73 1089 122">
    <p class='ocr_par' dir='ltr' id='par_1_1' title="bbox 744 73 1089 122">
     <span class='ocr_line' id='line_1_1' title="bbox 744 73 1089 122; baseline -0.006 -11"><span class='ocrx_word' id='word_1_1' title='bbox 744 73 1089 122; x_wconf 43' lang='lat'><strong>*12*</strong></span> 
     </span>
    </p>
   </div>
   <div class='ocr_carea' id='block_1_2' title="bbox 180 197 1658 2332">
    <p class='ocr_par' dir='ltr' id='par_1_2' title="bbox 180 197 1658 2332">
     <span class='ocr_line' id='line_1_2' title="bbox 183 197 1652 258; baseline -0.009 -5"><span class='ocrx_word' id='word_1_2' title='bbox 183 212 375 253; x_wconf 88' lang='lat' dir='ltr'><strong>stantur.</strong></span> <span class='ocrx_word' id='word_1_3' title='bbox 445 197 519 249; x_wconf 86' lang='lat' dir='ltr'><strong>lta</strong></span> <span class='ocrx_word' id='word_1_4' title='bbox 549 202 686 248; x_wconf 84' lang='lat' dir='ltr'><strong>etiam</strong></span> <span class='ocrx_word' id='word_1_5' title='bbox 721 198 978 255; x_wconf 83' lang='lat' dir='ltr'><strong>Ausonius,</strong></span> <span class='ocrx_word' id='word_1_6' title='bbox 1020 199 1094 258; x_wconf 89' lang='lat' dir='ltr'><strong>qui</strong></span> <span class='ocrx_word' id='word_1_7' title='bbox 1125 198 1252 243; x_wconf 84' lang='lat' dir='ltr'><strong>circa</strong></span> <span class='ocrx_word' id='word_1_8' title='bbox 1280 210 1444 242; x_wconf 87' lang='lat' dir='ltr'><strong>annum</strong></span> <span class='ocrx_word' id='word_1_9' title='bbox 1473 201 1652 241; x_wconf 83' lang='lat' dir='ltr'><strong>trecen-</strong></span> 
     </span>
     <span class='ocr_line' id='line_1_3' title="bbox 185 277 1658 343; baseline -0.009 -10"><span class='ocrx_word' id='word_1_10' title='bbox 185 288 397 333; x_wconf 87' lang='lat' dir='ltr'><strong>tesimum</strong></span> <span class='ocrx_word' id='word_1_11' title='bbox 428 282 810 343; x_wconf 82' lang='lat' dir='ltr'><strong>septuagesimum</strong></span> <span class='ocrx_word' id='word_1_12' title='bbox 826 278 1050 324; x_wconf 85' lang='lat' dir='ltr'><strong>Treveris</strong></span> <span class='ocrx_word' id='word_1_13' title='bbox 1067 279 1194 330; x_wconf 86' lang='lat' dir='ltr'><strong>vixit,</strong></span> <span class='ocrx_word' id='word_1_14' title='bbox 1223 278 1418 323; x_wconf 80' lang='lat' dir='ltr'><strong>Mosella</strong></span> <span class='ocrx_word' id='word_1_15' title='bbox 1433 277 1580 333; x_wconf 76' lang='lat' dir='ltr'><strong>sual),</strong></span> <span class='ocrx_word' id='word_1_16' title='bbox 1611 281 1658 321; x_wconf 91' lang='lat' dir='ltr'><strong>et</strong></span> 
     </span>
     <span class='ocr_line' id='line_1_4' title="bbox 180 356 1655 416; baseline -0.009 -3"><span class='ocrx_word' id='word_1_17' title='bbox 180 364 577 413; x_wconf 83' lang='lat' dir='ltr'><strong>Hundsrueckium</strong></span> <span class='ocrx_word' id='word_1_18' title='bbox 608 360 762 404; x_wconf 89' lang='lat' dir='ltr'><strong>densis</strong></span> <span class='ocrx_word' id='word_1_19' title='bbox 793 358 920 404; x_wconf 89' lang='lat' dir='ltr'><strong>silvis</strong></span> <span class='ocrx_word' id='word_1_20' title='bbox 951 373 1162 416; x_wconf 86' lang='lat' dir='ltr'><strong>asperum</strong></span> <span class='ocrx_word' id='word_1_21' title='bbox 1195 364 1242 402; x_wconf 90' lang='lat' dir='ltr'><strong>et</strong></span> <span class='ocrx_word' id='word_1_22' title='bbox 1270 373 1462 404; x_wconf 85' lang='lat' dir='ltr'><strong>amoena</strong></span> <span class='ocrx_word' id='word_1_23' title='bbox 1487 356 1655 402; x_wconf 88' lang='lat' dir='ltr'><strong>Mosel-</strong></span> 
     </span>
     <span class='ocr_line' id='line_1_5' title="bbox 181 436 1653 499; baseline -0.009 -7"><span class='ocrx_word' id='word_1_24' title='bbox 181 448 439 493; x_wconf 86' lang='lat' dir='ltr'><strong>laelittora</strong></span> <span class='ocrx_word' id='word_1_25' title='bbox 467 458 555 487; x_wconf 89' lang='lat' dir='ltr'><strong>non</strong></span> <span class='ocrx_word' id='word_1_26' title='bbox 585 440 786 499; x_wconf 79' lang='lat' dir='ltr'>graviori</span> <span class='ocrx_word' id='word_1_27' title='bbox 817 439 1021 483; x_wconf 89' lang='lat' dir='ltr'><strong>oratione</strong></span> <span class='ocrx_word' id='word_1_28' title='bbox 1053 440 1302 497; x_wconf 84' lang='lat' dir='ltr'><strong>expressit,</strong></span> <span class='ocrx_word' id='word_1_29' title='bbox 1348 455 1481 498; x_wconf 87' lang='lat' dir='ltr'><strong>quam</strong></span> <span class='ocrx_word' id='word_1_30' title='bbox 1519 436 1653 482; x_wconf 90' lang='lat' dir='ltr'><strong>hodie</strong></span> 
     </span>
     <span class='ocr_line' id='line_1_6' title="bbox 183 516 1655 585; baseline -0.007 -15"><span class='ocrx_word' id='word_1_31' title='bbox 183 526 365 585; x_wconf 82' lang='lat' dir='ltr'><strong>quilibet</strong></span> <span class='ocrx_word' id='word_1_32' title='bbox 394 528 529 581; x_wconf 87' lang='lat' dir='ltr'><strong>poeta</strong></span> <span class='ocrx_word' id='word_1_33' title='bbox 558 525 844 579; x_wconf 82' lang='lat' dir='ltr'><strong>praesentem</strong></span> <span class='ocrx_word' id='word_1_34' title='bbox 875 534 1030 563; x_wconf 90' lang='lat' dir='ltr'><strong>eorum</strong></span> <span class='ocrx_word' id='word_1_35' title='bbox 1062 524 1229 563; x_wconf 89' lang='lat' dir='ltr'><strong>statum</strong></span> <span class='ocrx_word' id='word_1_36' title='bbox 1260 520 1542 576; x_wconf 81' lang='lat' dir='ltr'><strong>depingeret.</strong></span> <span class='ocrx_word' id='word_1_37' title='bbox 1602 516 1655 560; x_wconf 85' lang='lat' dir='ltr'><strong>Si</strong></span> 
     </span>
     <span class='ocr_line' id='line_1_7' title="bbox 181 598 1654 661; baseline -0.006 -11"><span class='ocrx_word' id='word_1_38' title='bbox 181 607 267 650; x_wconf 89' lang='lat' dir='ltr'><strong>hae</strong></span> <span class='ocrx_word' id='word_1_39' title='bbox 297 603 513 661; x_wconf 79' lang='lat' dir='ltr'><strong>regiones</strong></span> <span class='ocrx_word' id='word_1_40' title='bbox 544 600 669 646; x_wconf 87' lang='lat' dir='ltr'><strong>silvis</strong></span> <span class='ocrx_word' id='word_1_41' title='bbox 702 598 965 644; x_wconf 84' lang='lat' dir='ltr'><strong>excidendis</strong></span> <span class='ocrx_word' id='word_1_42' title='bbox 996 601 1055 643; x_wconf 88' lang='lat' dir='ltr'><strong>ad</strong></span> <span class='ocrx_word' id='word_1_43' title='bbox 1100 600 1257 645; x_wconf 81' lang='lat' dir='ltr'><strong>vitium</strong></span> <span class='ocrx_word' id='word_1_44' title='bbox 1298 599 1521 644; x_wconf 86' lang='lat' dir='ltr'><strong>culturam</strong></span> <span class='ocrx_word' id='word_1_45' title='bbox 1560 599 1654 642; x_wconf 91' lang='lat' dir='ltr'><strong>ido-</strong></span> 
     </span>
     <span class='ocr_line' id='line_1_8' title="bbox 180 678 1658 737; baseline -0.007 -6"><span class='ocrx_word' id='word_1_46' title='bbox 180 701 295 731; x_wconf 82' lang='lat' dir='ltr'><strong>neae</strong></span> <span class='ocrx_word' id='word_1_47' title='bbox 331 683 570 729; x_wconf 81' lang='lat' dir='ltr'><strong>faciendae</strong></span> <span class='ocrx_word' id='word_1_48' title='bbox 606 680 824 736; x_wconf 83' lang='lat' dir='ltr'><strong>fuissent,</strong></span> <span class='ocrx_word' id='word_1_49' title='bbox 883 678 1071 722; x_wconf 88' lang='lat' dir='ltr'><strong>multum</strong></span> <span class='ocrx_word' id='word_1_50' title='bbox 1109 693 1222 723; x_wconf 88' lang='lat' dir='ltr'><strong>sane</strong></span> <span class='ocrx_word' id='word_1_51' title='bbox 1253 680 1401 737; x_wconf 85' lang='lat' dir='ltr'><strong>spatio</strong></span> <span class='ocrx_word' id='word_1_52' title='bbox 1430 684 1658 723; x_wconf 84' lang='lat' dir='ltr'><strong>trecento-</strong></span> 
     </span>
     <span class='ocr_line' id='line_1_9' title="bbox 181 759 1653 821; baseline -0.007 -10"><span class='ocrx_word' id='word_1_53' title='bbox 181 782 280 811; x_wconf 86' lang='lat' dir='ltr'><strong>rum</strong></span> <span class='ocrx_word' id='word_1_54' title='bbox 319 777 539 808; x_wconf 87' lang='lat' dir='ltr'><strong>annorum</strong></span> <span class='ocrx_word' id='word_1_55' title='bbox 577 760 748 805; x_wconf 86' lang='lat' dir='ltr'><strong>factum</strong></span> <span class='ocrx_word' id='word_1_56' title='bbox 787 775 891 805; x_wconf 85' lang='lat' dir='ltr'><strong>esse</strong></span> <span class='ocrx_word' id='word_1_57' title='bbox 928 764 1122 818; x_wconf 86' lang='lat' dir='ltr'><strong>poterat.</strong></span> <span class='ocrx_word' id='word_1_58' title='bbox 1190 760 1349 821; x_wconf 87' lang='lat' dir='ltr'><strong>Neque</strong></span> <span class='ocrx_word' id='word_1_59' title='bbox 1389 775 1497 806; x_wconf 86' lang='lat' dir='ltr'><strong>vero</strong></span> <span class='ocrx_word' id='word_1_60' title='bbox 1536 759 1653 802; x_wconf 85' lang='lat' dir='ltr'><strong>arbi-</strong></span> 
     </span>
     <span class='ocr_line' id='line_1_10' title="bbox 181 838 1654 898; baseline -0.005 -9"><span class='ocrx_word' id='word_1_61' title='bbox 181 853 292 895; x_wconf 86' lang='lat' dir='ltr'><strong>tror,</strong></span> <span class='ocrx_word' id='word_1_62' title='bbox 323 845 410 887; x_wconf 90' lang='lat' dir='ltr'><strong>hac</strong></span> <span class='ocrx_word' id='word_1_63' title='bbox 439 858 530 886; x_wconf 88' lang='lat' dir='ltr'><strong>una</strong></span> <span class='ocrx_word' id='word_1_64' title='bbox 558 856 609 885; x_wconf 88' lang='lat' dir='ltr'><strong>re</strong></span> <span class='ocrx_word' id='word_1_65' title='bbox 640 842 850 885; x_wconf 87' lang='lat' dir='ltr'><strong>effectum</strong></span> <span class='ocrx_word' id='word_1_66' title='bbox 881 855 1002 895; x_wconf 89' lang='lat' dir='ltr'><strong>esse,</strong></span> <span class='ocrx_word' id='word_1_67' title='bbox 1032 845 1083 884; x_wconf 90' lang='lat' dir='ltr'><strong>ut</strong></span> <span class='ocrx_word' id='word_1_68' title='bbox 1111 838 1202 883; x_wconf 88' lang='lat' dir='ltr'><strong>illis</strong></span> <span class='ocrx_word' id='word_1_69' title='bbox 1232 840 1510 898; x_wconf 85' lang='lat' dir='ltr'><strong>temporibus</strong></span> <span class='ocrx_word' id='word_1_70' title='bbox 1535 839 1654 883; x_wconf 87' lang='lat' dir='ltr'><strong>vites</strong></span> 
     </span>
     <span class='ocr_line' id='line_1_11' title="bbox 186 918 1655 976; baseline -0.003 -8"><span class='ocrx_word' id='word_1_71' title='bbox 186 928 468 976; x_wconf 80' lang='lat' dir='ltr'><strong>sererentur3</strong></span> <span class='ocrx_word' id='word_1_72' title='bbox 497 936 600 964; x_wconf 90' lang='lat' dir='ltr'><strong>nam</strong></span> <span class='ocrx_word' id='word_1_73' title='bbox 631 918 747 964; x_wconf 88' lang='lat' dir='ltr'><strong>coeli</strong></span> <span class='ocrx_word' id='word_1_74' title='bbox 778 918 957 963; x_wconf 88' lang='lat' dir='ltr'><strong>illarum</strong></span> <span class='ocrx_word' id='word_1_75' title='bbox 987 919 1222 976; x_wconf 80' lang='lat' dir='ltr'><strong>regionum</strong></span> <span class='ocrx_word' id='word_1_76' title='bbox 1254 921 1497 966; x_wconf 87' lang='lat' dir='ltr'><strong>diversitas</strong></span> <span class='ocrx_word' id='word_1_77' title='bbox 1520 918 1655 963; x_wconf 86' lang='lat' dir='ltr'><strong>hodie</strong></span> 
     </span>
     <span class='ocr_line' id='line_1_12' title="bbox 183 998 1655 1062; baseline -0.003 -16"><span class='ocrx_word' id='word_1_78' title='bbox 183 1017 358 1062; x_wconf 89' lang='lat' dir='ltr'><strong>quoque</strong></span> <span class='ocrx_word' id='word_1_79' title='bbox 387 1000 598 1045; x_wconf 88' lang='lat' dir='ltr'><strong>brevibus</strong></span> <span class='ocrx_word' id='word_1_80' title='bbox 629 998 883 1043; x_wconf 84' lang='lat' dir='ltr'><strong>intervallis</strong></span> <span class='ocrx_word' id='word_1_81' title='bbox 913 1004 1005 1041; x_wconf 89' lang='lat' dir='ltr'><strong>tam</strong></span> <span class='ocrx_word' id='word_1_82' title='bbox 1036 1014 1205 1055; x_wconf 82' lang='lat' dir='ltr'><strong>magna</strong></span> <span class='ocrx_word' id='word_1_83' title='bbox 1233 1005 1279 1043; x_wconf 91' lang='lat' dir='ltr'><strong>et</strong></span> <span class='ocrx_word' id='word_1_84' title='bbox 1308 999 1551 1057; x_wconf 86' lang='lat' dir='ltr'><strong>conspicua</strong></span> <span class='ocrx_word' id='word_1_85' title='bbox 1569 1003 1655 1054; x_wconf 90' lang='lat' dir='ltr'><strong>est,</strong></span> 
     </span>
     <span class='ocr_line' id='line_1_13' title="bbox 182 1079 1656 1141; baseline -0.003 -14"><span class='ocrx_word' id='word_1_86' title='bbox 182 1089 233 1127; x_wconf 90' lang='lat' dir='ltr'><strong>ut</strong></span> <span class='ocrx_word' id='word_1_87' title='bbox 254 1081 492 1141; x_wconf 80' lang='lat' dir='ltr'><strong>quotannis</strong></span> <span class='ocrx_word' id='word_1_88' title='bbox 510 1079 572 1122; x_wconf 91' lang='lat' dir='ltr'><strong>ibi</strong></span> <span class='ocrx_word' id='word_1_89' title='bbox 590 1094 750 1123; x_wconf 82' lang='lat' dir='ltr'><strong>nucem</strong></span> <span class='ocrx_word' id='word_1_90' title='bbox 772 1084 949 1122; x_wconf 84' lang='lat' dir='ltr'><strong>matura</strong></span> <span class='ocrx_word' id='word_1_91' title='bbox 963 1094 1094 1136; x_wconf 88' lang='lat' dir='ltr'><strong>poma</strong></span> <span class='ocrx_word' id='word_1_92' title='bbox 1112 1079 1250 1136; x_wconf 85' lang='lat' dir='ltr'><strong>serre,</strong></span> <span class='ocrx_word' id='word_1_93' title='bbox 1281 1086 1327 1125; x_wconf 92' lang='lat' dir='ltr'><strong>et</strong></span> <span class='ocrx_word' id='word_1_94' title='bbox 1342 1080 1506 1138; x_wconf 86' lang='lat' dir='ltr'><strong>spatio,</strong></span> <span class='ocrx_word' id='word_1_95' title='bbox 1538 1080 1656 1137; x_wconf 88' lang='lat' dir='ltr'><strong>quod</strong></span> 
     </span>
     <span class='ocr_line' id='line_1_14' title="bbox 185 1158 1655 1217; baseline -0.002 -12"><span class='ocrx_word' id='word_1_96' title='bbox 185 1161 370 1205; x_wconf 85' lang='lat' dir='ltr'><strong>dimidia</strong></span> <span class='ocrx_word' id='word_1_97' title='bbox 389 1160 527 1203; x_wconf 83' lang='lat' dir='ltr'><strong>horae</strong></span> <span class='ocrx_word' id='word_1_98' title='bbox 547 1164 676 1217; x_wconf 89' lang='lat' dir='ltr'><strong>parte</strong></span> <span class='ocrx_word' id='word_1_99' title='bbox 693 1173 950 1216; x_wconf 70' lang='lat' dir='ltr'><strong>percurras,</strong></span> <span class='ocrx_word' id='word_1_100' title='bbox 964 1158 1245 1216; x_wconf 85' lang='lat' dir='ltr'><strong>interposito,</strong></span> <span class='ocrx_word' id='word_1_101' title='bbox 1256 1161 1445 1203; x_wconf 86' lang='lat' dir='ltr'><strong>eandem</strong></span> <span class='ocrx_word' id='word_1_102' title='bbox 1465 1173 1522 1202; x_wconf 90' lang='lat' dir='ltr'><strong>ne</strong></span> <span class='ocrx_word' id='word_1_103' title='bbox 1542 1158 1655 1202; x_wconf 88' lang='lat' dir='ltr'><strong>bene</strong></span> 
     </span>
     <span class='ocr_line' id='line_1_15' title="bbox 185 1237 1657 1300; baseline -0.003 -15"><span class='ocrx_word' id='word_1_104' title='bbox 185 1241 427 1300; x_wconf 86' lang='lat' dir='ltr'><strong>provenire</strong></span> <span class='ocrx_word' id='word_1_105' title='bbox 446 1240 622 1299; x_wconf 90' lang='lat' dir='ltr'><strong>quidem</strong></span> <span class='ocrx_word' id='word_1_106' title='bbox 643 1237 922 1295; x_wconf 82' lang='lat' dir='ltr'><strong>conspicias;</strong></span> <span class='ocrx_word' id='word_1_107' title='bbox 951 1240 1006 1281; x_wconf 89' lang='lat' dir='ltr'><strong>de</strong></span> <span class='ocrx_word' id='word_1_108' title='bbox 1027 1253 1116 1295; x_wconf 86' lang='lat' dir='ltr'><strong>qua</strong></span> <span class='ocrx_word' id='word_1_109' title='bbox 1140 1254 1190 1282; x_wconf 90' lang='lat' dir='ltr'><strong>re</strong></span> <span class='ocrx_word' id='word_1_110' title='bbox 1217 1239 1322 1281; x_wconf 89' lang='lat' dir='ltr'><strong>mihi</strong></span> <span class='ocrx_word' id='word_1_111' title='bbox 1349 1239 1445 1297; x_wconf 89' lang='lat' dir='ltr'><strong>ipse</strong></span> <span class='ocrx_word' id='word_1_112' title='bbox 1473 1253 1657 1296; x_wconf 86' lang='lat' dir='ltr'><strong>persua·</strong></span> 
     </span>
     <span class='ocr_line' id='line_1_16' title="bbox 188 1317 1655 1377; baseline -0.001 -12"><span class='ocrx_word' id='word_1_113' title='bbox 188 1324 296 1365; x_wconf 88' lang='lat' dir='ltr'><strong>dere</strong></span> <span class='ocrx_word' id='word_1_114' title='bbox 313 1320 452 1377; x_wconf 88' lang='lat' dir='ltr'><strong>potui.</strong></span> <span class='ocrx_word' id='word_1_115' title='bbox 514 1319 595 1363; x_wconf 87' lang='lat' dir='ltr'><strong>Sin</strong></span> <span class='ocrx_word' id='word_1_116' title='bbox 610 1333 718 1363; x_wconf 90' lang='lat' dir='ltr'><strong>vero</strong></span> <span class='ocrx_word' id='word_1_117' title='bbox 738 1333 794 1361; x_wconf 85' lang='lat' dir='ltr'><strong>ex</strong></span> <span class='ocrx_word' id='word_1_118' title='bbox 818 1317 951 1372; x_wconf 90' lang='lat' dir='ltr'><strong>hujus</strong></span> <span class='ocrx_word' id='word_1_119' title='bbox 967 1318 1055 1361; x_wconf 91' lang='lat' dir='ltr'><strong>loci</strong></span> <span class='ocrx_word' id='word_1_120' title='bbox 1080 1318 1328 1375; x_wconf 81' lang='lat' dir='ltr'><strong>asperitate</strong></span> <span class='ocrx_word' id='word_1_121' title='bbox 1349 1319 1487 1363; x_wconf 88' lang='lat' dir='ltr'><strong>totius</strong></span> <span class='ocrx_word' id='word_1_122' title='bbox 1504 1325 1655 1364; x_wconf 84' lang='lat' dir='ltr'><strong>terrae</strong></span> 
     </span>
     <span class='ocr_line' id='line_1_17' title="bbox 189 1397 1654 1455; baseline -0.001 -10"><span class='ocrx_word' id='word_1_123' title='bbox 189 1400 364 1445; x_wconf 86' lang='lat' dir='ltr'><strong>coelum</strong></span> <span class='ocrx_word' id='word_1_124' title='bbox 371 1399 581 1454; x_wconf 86' lang='lat' dir='ltr'><strong>judicare</strong></span> <span class='ocrx_word' id='word_1_125' title='bbox 599 1397 834 1455; x_wconf 85' lang='lat' dir='ltr'><strong>vellemus,</strong></span> <span class='ocrx_word' id='word_1_126' title='bbox 863 1398 940 1443; x_wconf 84' lang='lat' dir='ltr'><strong>vix</strong></span> <span class='ocrx_word' id='word_1_127' title='bbox 958 1400 1016 1441; x_wconf 90' lang='lat' dir='ltr'><strong>ad</strong></span> <span class='ocrx_word' id='word_1_128' title='bbox 1046 1403 1256 1443; x_wconf 85' lang='lat' dir='ltr'><strong>octavum</strong></span> <span class='ocrx_word' id='word_1_129' title='bbox 1277 1399 1380 1444; x_wconf 91' lang='lat' dir='ltr'><strong>inde</strong></span> <span class='ocrx_word' id='word_1_130' title='bbox 1399 1399 1654 1443; x_wconf 84' lang='lat' dir='ltr'><strong>milliarium</strong></span> 
     </span>
     <span class='ocr_line' id='line_1_18' title="bbox 185 1477 1655 1536; baseline 0 -13"><span class='ocrx_word' id='word_1_131' title='bbox 185 1481 251 1524; x_wconf 89' lang='lat' dir='ltr'><strong>nil</strong></span> <span class='ocrx_word' id='word_1_132' title='bbox 288 1480 435 1522; x_wconf 87' lang='lat' dir='ltr'><strong>minus</strong></span> <span class='ocrx_word' id='word_1_133' title='bbox 474 1482 625 1532; x_wconf 91' lang='lat' dir='ltr'><strong>certe,</strong></span> <span class='ocrx_word' id='word_1_134' title='bbox 679 1492 812 1534; x_wconf 86' lang='lat' dir='ltr'><strong>quam</strong></span> <span class='ocrx_word' id='word_1_135' title='bbox 848 1477 1203 1533; x_wconf 82' lang='lat' dir='ltr'><strong>generosissima</strong></span> <span class='ocrx_word' id='word_1_136' title='bbox 1231 1478 1337 1522; x_wconf 89' lang='lat' dir='ltr'><strong>vina</strong></span> <span class='ocrx_word' id='word_1_137' title='bbox 1367 1487 1655 1536; x_wconf 87' lang='lat' dir='ltr'><strong>exspectare-</strong></span> 
     </span>
     <span class='ocr_line' id='line_1_19' title="bbox 188 1556 1657 1616; baseline 0.001 -14"><span class='ocrx_word' id='word_1_138' title='bbox 188 1575 302 1603; x_wconf 84' lang='lat' dir='ltr'><strong>mus.</strong></span> <span class='ocrx_word' id='word_1_139' title='bbox 361 1559 456 1602; x_wconf 90' lang='lat' dir='ltr'><strong>Sed</strong></span> <span class='ocrx_word' id='word_1_140' title='bbox 497 1557 791 1614; x_wconf 87' lang='lat' dir='ltr'><strong>crediderim,</strong></span> <span class='ocrx_word' id='word_1_141' title='bbox 837 1556 945 1601; x_wconf 86' lang='lat' dir='ltr'><strong>vitis</strong></span> <span class='ocrx_word' id='word_1_142' title='bbox 983 1571 1195 1614; x_wconf 85' lang='lat' dir='ltr'><strong>munera,</strong></span> <span class='ocrx_word' id='word_1_143' title='bbox 1249 1563 1299 1601; x_wconf 92' lang='lat' dir='ltr'><strong>ut</strong></span> <span class='ocrx_word' id='word_1_144' title='bbox 1340 1558 1543 1616; x_wconf 83' lang='lat' dir='ltr'><strong>Galliae,</strong></span> <span class='ocrx_word' id='word_1_145' title='bbox 1591 1560 1657 1603; x_wconf 81' lang='lat' dir='ltr'><strong>ita</strong></span> 
     </span>
     <span class='ocr_line' id='line_1_20' title="bbox 189 1634 1658 1691; baseline 0 -10"><span class='ocrx_word' id='word_1_146' title='bbox 189 1639 328 1681; x_wconf 88' lang='lat' dir='ltr'><strong>etiam</strong></span> <span class='ocrx_word' id='word_1_147' title='bbox 368 1636 673 1691; x_wconf 78' lang='lat' dir='ltr'><strong>Germaniae,</strong></span> <span class='ocrx_word' id='word_1_148' title='bbox 714 1634 880 1677; x_wconf 89' lang='lat' dir='ltr'><strong>diutius</strong></span> <span class='ocrx_word' id='word_1_149' title='bbox 910 1635 1215 1679; x_wconf 86' lang='lat' dir='ltr'><strong>Romanorum</strong></span> <span class='ocrx_word' id='word_1_150' title='bbox 1246 1638 1343 1689; x_wconf 81' lang='lat' dir='ltr'><strong>eius</strong></span> <span class='ocrx_word' id='word_1_151' title='bbox 1371 1642 1561 1681; x_wconf 88' lang='lat' dir='ltr'><strong>naturae</strong></span> <span class='ocrx_word' id='word_1_152' title='bbox 1592 1638 1658 1681; x_wconf 90' lang='lat' dir='ltr'><strong>in-</strong></span> 
     </span>
     <span class='ocr_line' id='line_1_21' title="bbox 189 1713 1658 1776; baseline 0 -15"><span class='ocrx_word' id='word_1_153' title='bbox 189 1717 349 1772; x_wconf 85' lang='lat' dir='ltr'><strong>scitia,</strong></span> <span class='ocrx_word' id='word_1_154' title='bbox 389 1730 523 1773; x_wconf 85' lang='lat' dir='ltr'><strong>quam</strong></span> <span class='ocrx_word' id='word_1_155' title='bbox 562 1713 677 1757; x_wconf 84' lang='lat' dir='ltr'><strong>coeli</strong></span> <span class='ocrx_word' id='word_1_156' title='bbox 716 1714 964 1770; x_wconf 70' lang='lat' dir='ltr'><strong>asperitate</strong></span> <span class='ocrx_word' id='word_1_157' title='bbox 1001 1730 1104 1758; x_wconf 89' lang='lat' dir='ltr'><strong>esse</strong></span> <span class='ocrx_word' id='word_1_158' title='bbox 1141 1717 1380 1772; x_wconf 80' lang='lat' dir='ltr'><strong>denegata.</strong></span> <span class='ocrx_word' id='word_1_159' title='bbox 1454 1717 1658 1776; x_wconf 86' lang='lat' dir='ltr'><strong>Namque</strong></span> 
     </span>
     <span class='ocr_line' id='line_1_22' title="bbox 187 1793 1655 1856; baseline 0.002 -17"><span class='ocrx_word' id='word_1_160' title='bbox 187 1797 233 1839; x_wconf 90' lang='lat' dir='ltr'><strong>in</strong></span> <span class='ocrx_word' id='word_1_161' title='bbox 265 1794 418 1838; x_wconf 81' lang='lat' dir='ltr'><strong>Gallia</strong></span> <span class='ocrx_word' id='word_1_162' title='bbox 448 1793 702 1852; x_wconf 85' lang='lat' dir='ltr'><strong>complures</strong></span> <span class='ocrx_word' id='word_1_163' title='bbox 733 1793 966 1850; x_wconf 77' lang='lat' dir='ltr'><strong>regionum</strong></span> <span class='ocrx_word' id='word_1_164' title='bbox 998 1794 1262 1839; x_wconf 87' lang='lat' dir='ltr'><strong>australium</strong></span> <span class='ocrx_word' id='word_1_165' title='bbox 1292 1795 1500 1854; x_wconf 87' lang='lat' dir='ltr'><strong>plantae,</strong></span> <span class='ocrx_word' id='word_1_166' title='bbox 1541 1813 1655 1856; x_wconf 87' lang='lat' dir='ltr'><strong>quae</strong></span> 
     </span>
     <span class='ocr_line' id='line_1_23' title="bbox 188 1873 1655 1932; baseline 0.002 -16"><span class='ocrx_word' id='word_1_167' title='bbox 188 1876 246 1917; x_wconf 87' lang='lat' dir='ltr'><strong>ab</strong></span> <span class='ocrx_word' id='word_1_168' title='bbox 277 1874 403 1916; x_wconf 89' lang='lat' dir='ltr'><strong>initio</strong></span> <span class='ocrx_word' id='word_1_169' title='bbox 434 1878 621 1930; x_wconf 92' lang='lat' dir='ltr'><strong>propter</strong></span> <span class='ocrx_word' id='word_1_170' title='bbox 650 1873 794 1928; x_wconf 77' lang='lat' dir='ltr'><strong>frigus</strong></span> <span class='ocrx_word' id='word_1_171' title='bbox 826 1887 912 1915; x_wconf 88' lang='lat' dir='ltr'><strong>non</strong></span> <span class='ocrx_word' id='word_1_172' title='bbox 943 1879 1246 1929; x_wconf 85' lang='lat' dir='ltr'><strong>proventurae</strong></span> <span class='ocrx_word' id='word_1_173' title='bbox 1274 1875 1565 1932; x_wconf 84' lang='lat' dir='ltr'><strong>putabantur,</strong></span> <span class='ocrx_word' id='word_1_174' title='bbox 1596 1878 1655 1919; x_wconf 88' lang='lat' dir='ltr'><strong>si-</strong></span> 
     </span>
     <span class='ocr_line' id='line_1_24' title="bbox 189 1950 1655 2012; baseline 0.002 -16"><span class='ocrx_word' id='word_1_175' title='bbox 189 1953 283 1997; x_wconf 88' lang='lat' dir='ltr'><strong>mul</strong></span> <span class='ocrx_word' id='word_1_176' title='bbox 313 1968 367 1996; x_wconf 87' lang='lat' dir='ltr'><strong>ae</strong></span> <span class='ocrx_word' id='word_1_177' title='bbox 400 1966 554 1995; x_wconf 84' lang='lat' dir='ltr'><strong>earum</strong></span> <span class='ocrx_word' id='word_1_178' title='bbox 587 1950 875 1994; x_wconf 89' lang='lat' dir='ltr'><strong>colendarum</strong></span> <span class='ocrx_word' id='word_1_179' title='bbox 906 1951 1153 2009; x_wconf 86' lang='lat' dir='ltr'><strong>periculum</strong></span> <span class='ocrx_word' id='word_1_180' title='bbox 1192 1952 1362 1997; x_wconf 84' lang='lat' dir='ltr'><strong>factum</strong></span> <span class='ocrx_word' id='word_1_181' title='bbox 1402 1959 1495 2012; x_wconf 89' lang='lat' dir='ltr'><strong>est,</strong></span> <span class='ocrx_word' id='word_1_182' title='bbox 1533 1954 1655 1999; x_wconf 88' lang='lat' dir='ltr'><strong>laete</strong></span> 
     </span>
     <span class='ocr_line' id='line_1_25' title="bbox 186 2032 1650 2093; baseline 0.003 -18"><span class='ocrx_word' id='word_1_183' title='bbox 186 2032 508 2090; x_wconf 85' lang='lat' dir='ltr'><strong>proveniebant</strong></span> <span class='ocrx_word' id='word_1_184' title='bbox 522 2036 577 2087; x_wconf 80' lang='lat'><strong>²).</strong></span> <span class='ocrx_word' id='word_1_185' title='bbox 637 2032 842 2090; x_wconf 88' lang='lat' dir='ltr'><strong>Denique</strong></span> <span class='ocrx_word' id='word_1_186' title='bbox 873 2032 1105 2091; x_wconf 86' lang='lat' dir='ltr'><strong>quaeritur</strong></span> <span class='ocrx_word' id='word_1_187' title='bbox 1136 2033 1287 2090; x_wconf 86' lang='lat' dir='ltr'><strong>etiam,</strong></span> <span class='ocrx_word' id='word_1_188' title='bbox 1317 2048 1422 2078; x_wconf 91' lang='lat' dir='ltr'><strong>num</strong></span> <span class='ocrx_word' id='word_1_189' title='bbox 1440 2035 1650 2093; x_wconf 83' lang='lat' dir='ltr'><strong>Romani,</strong></span> 
     </span>
     <span class='ocr_line' id='line_1_26' title="bbox 189 2111 1656 2172; baseline 0.003 -17"><span class='ocrx_word' id='word_1_190' title='bbox 189 2128 322 2171; x_wconf 86' lang='lat' dir='ltr'><strong>quum</strong></span> <span class='ocrx_word' id='word_1_191' title='bbox 361 2112 478 2156; x_wconf 75' lang='lat' dir='ltr'><strong>vites</strong></span> <span class='ocrx_word' id='word_1_192' title='bbox 518 2111 562 2155; x_wconf 89' lang='lat' dir='ltr'><strong>iu</strong></span> <span class='ocrx_word' id='word_1_193' title='bbox 602 2112 889 2172; x_wconf 81' lang='lat' dir='ltr'><strong>aquilonares</strong></span> <span class='ocrx_word' id='word_1_194' title='bbox 928 2112 1140 2170; x_wconf 81' lang='lat' dir='ltr'><strong>regiones</strong></span> <span class='ocrx_word' id='word_1_195' title='bbox 1175 2118 1474 2172; x_wconf 85' lang='lat' dir='ltr'><strong>transponere</strong></span> <span class='ocrx_word' id='word_1_196' title='bbox 1522 2131 1656 2160; x_wconf 90' lang='lat' dir='ltr'><strong>cona-</strong></span> 
     </span>
     <span class='ocr_line' id='line_1_27' title="bbox 189 2191 1656 2251; baseline 0.003 -16"><span class='ocrx_word' id='word_1_197' title='bbox 189 2198 364 2247; x_wconf 83' lang='lat' dir='ltr'><strong>rentur,</strong></span> <span class='ocrx_word' id='word_1_198' title='bbox 395 2207 424 2234; x_wconf 89' lang='lat' dir='ltr'><strong>a</strong></span> <span class='ocrx_word' id='word_1_199' title='bbox 453 2191 671 2249; x_wconf 87' lang='lat' dir='ltr'><strong>principio</strong></span> <span class='ocrx_word' id='word_1_200' title='bbox 702 2192 878 2249; x_wconf 86' lang='lat' dir='ltr'><strong>idonea,</strong></span> <span class='ocrx_word' id='word_1_201' title='bbox 909 2194 952 2236; x_wconf 91' lang='lat' dir='ltr'><strong>h.</strong></span> <span class='ocrx_word' id='word_1_202' title='bbox 972 2209 1011 2237; x_wconf 90' lang='lat' dir='ltr'><strong>e.</strong></span> <span class='ocrx_word' id='word_1_203' title='bbox 1041 2199 1348 2251; x_wconf 82' lang='lat' dir='ltr'><strong>praematura,</strong></span> <span class='ocrx_word' id='word_1_204' title='bbox 1378 2209 1549 2250; x_wconf 81' lang='lat' dir='ltr'><strong>genera</strong></span> <span class='ocrx_word' id='word_1_205' title='bbox 1578 2198 1656 2239; x_wconf 85' lang='lat' dir='ltr'><strong>ad-</strong></span> 
     </span>
     <span class='ocr_line' id='line_1_28' title="bbox 188 2272 1654 2332; baseline 0.004 -17"><span class='ocrx_word' id='word_1_206' title='bbox 188 2272 428 2317; x_wconf 88' lang='lat' dir='ltr'><strong>hibuerint.</strong></span> <span class='ocrx_word' id='word_1_207' title='bbox 488 2272 645 2330; x_wconf 88' lang='lat' dir='ltr'><strong>Neque</strong></span> <span class='ocrx_word' id='word_1_208' title='bbox 683 2278 953 2330; x_wconf 81' lang='lat' dir='ltr'><strong>postremum</strong></span> <span class='ocrx_word' id='word_1_209' title='bbox 992 2274 1244 2332; x_wconf 86' lang='lat' dir='ltr'><strong>praeterire</strong></span> <span class='ocrx_word' id='word_1_210' title='bbox 1279 2289 1488 2332; x_wconf 87' lang='lat' dir='ltr'><strong>possum,</strong></span> <span class='ocrx_word' id='word_1_211' title='bbox 1528 2276 1654 2322; x_wconf 87' lang='lat' dir='ltr'><strong>Stra-</strong></span> 
     </span>
    </p>
   </div>
   <div class='ocr_carea' id='block_1_3' title="bbox 191 2434 1657 2818">
    <p class='ocr_par' dir='ltr' id='par_1_3' title="bbox 191 2434 1657 2701">
     <span class='ocr_line' id='line_1_29' title="bbox 191 2434 1656 2480; baseline 0.003 -10"><span class='ocrx_word' id='word_1_212' title='bbox 191 2446 268 2470; x_wconf 86' lang='lat' dir='ltr'><strong>mus</strong></span> <span class='ocrx_word' id='word_1_213' title='bbox 292 2434 501 2478; x_wconf 85' lang='lat' dir='ltr'><strong>subjacere,</strong></span> <span class='ocrx_word' id='word_1_214' title='bbox 522 2434 588 2467; x_wconf 85' lang='lat' dir='ltr'><strong>sed</strong></span> <span class='ocrx_word' id='word_1_215' title='bbox 611 2437 709 2477; x_wconf 83' lang='lat' dir='ltr'><strong>quasi</strong></span> <span class='ocrx_word' id='word_1_216' title='bbox 731 2435 914 2468; x_wconf 80' lang='lat' dir='ltr'><strong>translatis</strong></span> <span class='ocrx_word' id='word_1_217' title='bbox 936 2437 1122 2480; x_wconf 85' lang='lat' dir='ltr'><strong>sideribus,</strong></span> <span class='ocrx_word' id='word_1_218' title='bbox 1145 2443 1206 2473; x_wconf 84' lang='lat' dir='ltr'><strong>aut</strong></span> <span class='ocrx_word' id='word_1_219' title='bbox 1228 2440 1338 2472; x_wconf 80' lang='lat' dir='ltr'><strong>terris</strong></span> <span class='ocrx_word' id='word_1_220' title='bbox 1359 2441 1543 2473; x_wconf 86' lang='lat' dir='ltr'><strong>meridiani</strong></span> <span class='ocrx_word' id='word_1_221' title='bbox 1565 2441 1656 2475; x_wconf 85' lang='lat' dir='ltr'><strong>coeli</strong></span> 
     </span>
     <span class='ocr_line' id='line_1_30' title="bbox 194 2492 1657 2539; baseline 0.005 -16"><span class='ocrx_word' id='word_1_222' title='bbox 194 2493 414 2525; x_wconf 76' lang='lat' dir='ltr'><strong>clementiam</strong></span> <span class='ocrx_word' id='word_1_223' title='bbox 437 2493 625 2524; x_wconf 85' lang='lat' dir='ltr'><strong>sensimus.</strong></span> <span class='ocrx_word' id='word_1_224' title='bbox 672 2492 772 2529; x_wconf 82' lang='lat' dir='ltr'><strong>Quae</strong></span> <span class='ocrx_word' id='word_1_225' title='bbox 801 2494 919 2525; x_wconf 86' lang='lat' dir='ltr'><strong>oratio</strong></span> <span class='ocrx_word' id='word_1_226' title='bbox 950 2502 1046 2527; x_wconf 87' lang='lat' dir='ltr'><strong>anno</strong></span> <span class='ocrx_word' id='word_1_227' title='bbox 1076 2496 1157 2527; x_wconf 80' lang='grc'><strong>292.</strong></span> <span class='ocrx_word' id='word_1_228' title='bbox 1190 2505 1225 2537; x_wconf 87' lang='lat' dir='ltr'><strong>p.</strong></span> <span class='ocrx_word' id='word_1_229' title='bbox 1254 2495 1320 2530; x_wconf 87' lang='lat' dir='ltr'><strong>Ch.</strong></span> <span class='ocrx_word' id='word_1_230' title='bbox 1352 2504 1408 2538; x_wconf 67' lang='grc' dir='ltr'><strong>ιι,</strong></span> <span class='ocrx_word' id='word_1_231' title='bbox 1435 2498 1476 2529; x_wconf 82' lang='lat' dir='ltr'><strong>nt</strong></span> <span class='ocrx_word' id='word_1_232' title='bbox 1504 2498 1657 2539; x_wconf 80' lang='lat' dir='ltr'><strong>videtur,</strong></span> 
     </span>
     <span class='ocr_line' id='line_1_31' title="bbox 195 2548 1656 2594; baseline 0.005 -15"><span class='ocrx_word' id='word_1_233' title='bbox 195 2550 374 2588; x_wconf 47' lang='lat' dir='ltr'><strong>Aufr-ustae</strong></span> <span class='ocrx_word' id='word_1_234' title='bbox 400 2549 635 2582; x_wconf 79' lang='lat' dir='ltr'><strong>Trevirorum</strong></span> <span class='ocrx_word' id='word_1_235' title='bbox 657 2548 774 2580; x_wconf 84' lang='lat' dir='ltr'><strong>habita</strong></span> <span class='ocrx_word' id='word_1_236' title='bbox 796 2551 863 2580; x_wconf 82' lang='lat' dir='ltr'><strong>est.</strong></span> <span class='ocrx_word' id='word_1_237' title='bbox 888 2567 934 2573; x_wconf 82' lang='lat'><strong>—-</strong></span> <span class='ocrx_word' id='word_1_238' title='bbox 972 2550 1026 2583; x_wconf 83' lang='lat' dir='ltr'><strong>Cf.</strong></span> <span class='ocrx_word' id='word_1_239' title='bbox 1049 2552 1199 2585; x_wconf 83' lang='lat' dir='ltr'><strong>Eumeni</strong></span> <span class='ocrx_word' id='word_1_240' title='bbox 1222 2561 1397 2594; x_wconf 77' lang='lat' dir='ltr'><strong>panegyr.</strong></span> <span class='ocrx_word' id='word_1_241' title='bbox 1421 2552 1656 2587; x_wconf 86' lang='lat' dir='ltr'><strong>Constantino</strong></span> 
     </span>
     <span class='ocr_line' id='line_1_32' title="bbox 192 2603 1655 2650; baseline 0.003 -13"><span class='ocrx_word' id='word_1_242' title='bbox 192 2607 351 2643; x_wconf 56' lang='lat' dir='ltr'><strong>Augusto</strong></span> <span class='ocrx_word' id='word_1_243' title='bbox 373 2605 513 2637; x_wconf 81' lang='lat' dir='ltr'><strong>dictum.</strong></span> <span class='ocrx_word' id='word_1_244' title='bbox 551 2603 578 2636; x_wconf 87' lang='lat'><strong>1.</strong></span> <span class='ocrx_word' id='word_1_245' title='bbox 602 2610 636 2636; x_wconf 90' lang='lat' dir='ltr'><strong>c.</strong></span> <span class='ocrx_word' id='word_1_246' title='bbox 662 2603 717 2635; x_wconf 86' lang='lat'><strong>11.</strong></span> <span class='ocrx_word' id='word_1_247' title='bbox 764 2604 963 2642; x_wconf 78' lang='lat' dir='ltr'><strong>Quamlibet</strong></span> <span class='ocrx_word' id='word_1_248' title='bbox 982 2606 1044 2640; x_wconf 87' lang='lat' dir='ltr'><strong>ille</strong></span> <span class='ocrx_word' id='word_1_249' title='bbox 1067 2609 1255 2648; x_wconf 80' lang='lat' dir='ltr'><strong>(Rhenus)</strong></span> <span class='ocrx_word' id='word_1_250' title='bbox 1285 2611 1347 2643; x_wconf 78' lang='lat' dir='ltr'><strong>aut</strong></span> <span class='ocrx_word' id='word_1_251' title='bbox 1375 2612 1519 2643; x_wconf 77' lang='lat' dir='ltr'><strong>arescat</strong></span> <span class='ocrx_word' id='word_1_252' title='bbox 1541 2613 1655 2650; x_wconf 81' lang='lat' dir='ltr'><strong>aestu,</strong></span> 
     </span>
     <span class='ocr_line' id='line_1_33' title="bbox 200 2659 1200 2701; baseline 0.004 -10"><span class='ocrx_word' id='word_1_253' title='bbox 200 2664 259 2692; x_wconf 75' lang='lat' dir='ltr'><strong>aut</strong></span> <span class='ocrx_word' id='word_1_254' title='bbox 280 2662 423 2692; x_wconf 78' lang='lat' dir='ltr'><strong>resistat</strong></span> <span class='ocrx_word' id='word_1_255' title='bbox 445 2661 544 2701; x_wconf 80' lang='lat' dir='ltr'><strong>gelu,</strong></span> <span class='ocrx_word' id='word_1_256' title='bbox 565 2660 694 2692; x_wconf 85' lang='lat' dir='ltr'><strong>neutro</strong></span> <span class='ocrx_word' id='word_1_257' title='bbox 718 2659 831 2692; x_wconf 77' lang='lat' dir='ltr'><strong>hostis</strong></span> <span class='ocrx_word' id='word_1_258' title='bbox 854 2663 995 2696; x_wconf 80' lang='lat' dir='ltr'><strong>audebit</strong></span> <span class='ocrx_word' id='word_1_259' title='bbox 1020 2665 1073 2697; x_wconf 88' lang='lat' dir='ltr'><strong>uti</strong></span> <span class='ocrx_word' id='word_1_260' title='bbox 1094 2665 1200 2698; x_wconf 84' lang='lat' dir='ltr'><strong>vado.</strong></span> 
     </span>
    </p>

    <p class='ocr_par' dir='ltr' id='par_1_4' title="bbox 287 2714 1042 2762">
     <span class='ocr_line' id='line_1_34' title="bbox 287 2714 1042 2762; baseline 0.007 -15"><span class='ocrx_word' id='word_1_261' title='bbox 287 2714 320 2752; x_wconf 84' lang='lat' dir='ltr'><strong>l)</strong></span> <span class='ocrx_word' id='word_1_262' title='bbox 343 2714 397 2751; x_wconf 82' lang='lat' dir='ltr'><strong>Cf.</strong></span> <span class='ocrx_word' id='word_1_263' title='bbox 420 2717 570 2750; x_wconf 83' lang='lat' dir='ltr'><strong>Ausonii</strong></span> <span class='ocrx_word' id='word_1_264' title='bbox 589 2715 786 2749; x_wconf 77' lang='lat' dir='ltr'><strong>Mosellam.</strong></span> <span class='ocrx_word' id='word_1_265' title='bbox 804 2719 849 2750; x_wconf 87' lang='lat' dir='ltr'><strong>ab</strong></span> <span class='ocrx_word' id='word_1_266' title='bbox 871 2720 946 2753; x_wconf 85' lang='lat' dir='ltr'><strong>init.</strong></span> <span class='ocrx_word' id='word_1_267' title='bbox 967 2728 1042 2762; x_wconf 75' lang='lat' dir='ltr'><strong>seq.</strong></span> 
     </span>
    </p>

    <p class='ocr_par' dir='ltr' id='par_1_5' title="bbox 285 2770 896 2818">
     <span class='ocr_line' id='line_1_35' title="bbox 285 2770 896 2818; baseline 0.007 -16"><span class='ocrx_word' id='word_1_268' title='bbox 285 2770 320 2809; x_wconf 74' lang='grc'><strong>2)</strong></span> <span class='ocrx_word' id='word_1_269' title='bbox 344 2771 397 2805; x_wconf 73' lang='lat' dir='ltr'><strong>(tf.</strong></span> <span class='ocrx_word' id='word_1_270' title='bbox 422 2772 533 2804; x_wconf 75' lang='lat' dir='ltr'><strong>Ukert</strong></span> <span class='ocrx_word' id='word_1_271' title='bbox 552 2772 576 2804; x_wconf 88' lang='lat' dir='ltr'><strong>l.</strong></span> <span class='ocrx_word' id='word_1_272' title='bbox 603 2779 635 2805; x_wconf 81' lang='lat' dir='ltr'><strong>c.</strong></span> <span class='ocrx_word' id='word_1_273' title='bbox 658 2780 691 2813; x_wconf 84' lang='lat' dir='ltr'><strong>p.</strong></span> <span class='ocrx_word' id='word_1_274' title='bbox 721 2772 796 2806; x_wconf 82' lang='grc'><strong>173.</strong></span> <span class='ocrx_word' id='word_1_275' title='bbox 823 2783 896 2818; x_wconf 86' lang='lat' dir='ltr'><strong>seq.</strong></span> 
     </span>
    </p>
   </div>
  </div>
 </body>
</html>
