1781 3217
714 108 1062 158 *32-

148 243 277 282 certa
316 237 519 282 narratio
557 241 658 292 est,
699 249 817 294 quae
847 235 906 279 de
936 234 992 279 iis
1023 235 1152 280 nobis
1193 238 1366 280 exstat:
1414 232 1624 290 ‚,Canee,

147 316 290 376 inquit
303 348 314 367 ‚
345 317 683 375 defenderunt,
718 315 919 359 Cimbris
946 319 1095 360 caes-ie
1123 317 1280 361 domm
1309 329 1467 359 eorum
1486 315 1625 374 plau-

146 402 260 443 str-22⁹
287 398 563 457 emposz'tas“.
626 394 861 440 Radlofius
892 394 1250 452 Sygambrorum
1281 414 1421 443 canes
1452 397 1624 442 venati-

152 494 231 525 cos
261 478 433 522 Romae
463 476 664 521 famosos
695 477 839 521 fuisse
871 476 1004 535 dicit,
1034 490 1123 521 non
1154 476 1310 521 addito
1341 477 1518 538 quidem
1546 481 1626 521 aut

147 551 291 616 fonte,
326 560 445 603 unde
477 558 592 603 haec
622 558 849 614 hauserit,
881 564 961 602 aut
991 563 1212 616 tempore,
1244 572 1331 616 quo
1363 559 1449 604 hoc
1480 558 1540 602 ibi
1571 558 1623 601 il-

144 640 201 683 lis
233 639 450 685 evenerit.
512 639 576 684 At
604 638 759 684 neseio
789 652 847 682 an
877 637 1170 683 temerarium
1190 650 1330 696 prope
1347 638 1423 694 sit,
1453 652 1625 695 negare

144 719 280 776 velle,
309 725 491 765 veteres
522 719 794 777 Germanos,
824 719 1037 777 populum
1067 724 1349 775 venatorem,
1378 733 1518 762 canes
1546 718 1625 761 ha-

148 800 324 857 buisse,
364 800 635 858 praesertim
664 815 800 859 quum
831 806 880 844 et
909 800 955 844 in
986 786 1165 845 cunctis
1193 799 1381 858 reliquis
1410 798 1623 856 gentibus

144 880 354 926 viverent
376 882 437 940 1),
483 889 529 927 et
558 882 678 941 apud
709 879 910 927 confines
941 879 1102 925 Gallos
1132 881 1317 939 saepius
1356 893 1625 926 commemo·

144 970 303 1006 rentur
321 963 371 1019 2).

263 1042 411 1092 Quum
440 1041 597 1087 felium
627 1041 730 1088 loco
762 1044 1046 1088 Graecorum
1077 1042 1471 1102 Romanorumque
1500 1040 1625 1086 aedi-

147 1122 253 1166 ficia
296 1122 536 1167 mustellae
590 1122 840 1167 liberarent
892 1123 1094 1166 muribus
1148 1124 1333 1179 (mures
1381 1122 1489 1165 ratti
1535 1136 1625 1164 non

150 1203 330 1260 erant),
370 1202 504 1248 aliter
533 1202 632 1248 fieri
661 1217 762 1247 non·
780 1203 949 1262 potuit,
980 1217 1112 1261 quam
1144 1202 1247 1262 quin
1279 1202 1404 1247 nulla
1433 1215 1623 1259 usquam

148 1282 194 1325 in
226 1282 485 1326 animalium
517 1284 868 1329 domesticorum
906 1297 1095 1328 numero
1134 1282 1313 1327 illarum
1352 1280 1520 1327 mentio
1558 1281 1622 1324 in-

148 1362 348 1409 ferretur
366 1366 419 1423 ⁸).

844 1498 855 1511 .
891 1467 972 1510 13.

519 1545 606 1590 DE
636 1467 953 1591 VOLA51¹1L1
982 1545 1242 1591 PECORE.

262 1636 388 1681 Inter
427 1636 560 1682 alites
597 1643 779 1681 nostras
818 1639 1093 1683 domesticas
1131 1637 1256 1682 solus
1287 1651 1423 1681 anser
1453 1651 1482 1680 a
1512 1636 1623 1680 scri-

147 1715 354 1773 ptoribus
393 1722 783 1760 commemoratur.
844 1717 1216 1761 Germanicorum
1256 1717 1372 1761 enim
1412 1731 1621 1759 anserum

148 1794 329 1853 plumae
348 1798 387 1854 4)
416 1797 589 1841 Romae
620 1796 814 1840 omnium
853 1794 1071 1853 generum
1101 1795 1235 1854 longe
1266 1795 1444 1854 plurimi
1486 1796 1621 1839 aesti-

147 1876 402 1921 mabantur.
462 1876 549 1926 Qui
590 1892 619 1920 a
648 1876 795 1920 Plinio
817 1880 856 1933 ⁵)
898 1876 1077 1921 nomine
1122 1875 1311 1920 Gantae
1349 1874 1619 1933 appellatur,

147 1961 200 1999 ut
228 1972 285 2000 ex
314 1957 448 2011 hujus
476 1956 631 2001 verbis
662 1962 876 2014 apparet,
915 1971 1003 2001 non
1043 1961 1145 2001 erat
1183 1956 1458 2000 domesticus
1488 1961 1534 1999 et
1564 1956 1620 1997 ab

147 2050 313 2081 ansere
343 2036 516 2081 seriore
546 2036 683 2082 etiam
704 2031 926 2095 tempore
963 2035 1357 2082 internoscebatur
1379 2036 1448 2093 ⁶)-
1491 2033 1620 2079 Man-

239 2140 273 2179 1)
297 2141 351 2173 Os.
376 2142 523 2184 Oppian.
548 2142 688 2184 Cyneg.
712 2143 740 2174 1.
764 2143 976 2176 367—375.

238 2195 273 2236 ²)
297 2198 376 2230 Vid.
401 2199 503 2232 locos
526 2201 617 2241 apud
639 2198 1095 2242 Ukertum.i.o.1›.1eo.

238 2253 275 2292 3)
299 2255 352 2287 Cf.
378 2257 481 2288 Link.
508 2257 532 2288 l.
558 2265 589 2289 c.
614 2267 647 2298 p.
674 2257 754 2290 199.

235 2308 271 2350 4)
294 2312 383 2344 Plin.
408 2313 452 2345 Η.
469 2313 510 2344 N.
526 2313 575 2355 X,
597 2314 656 2346 27.
703 2314 770 2346 Ve
763 2314 894 2346 luntur
917 2315 1103 2352 (anseres)
1119 2313 1322 2355 quibusdam
1339 2310 1429 2344 loeis
1444 2311 1498 2343 bis
1513 2318 1618 2342 anno.

144 2362 283 2402 Rursus
306 2371 491 2413 plumigeri
513 2373 732 2406 vestiuntur:
764 2372 908 2405 mollior
931 2379 1021 2414 quae
1045 2372 1190 2412 corpori
1211 2371 1389 2412 proxima:
1422 2372 1459 2402 et
1481 2378 1502 2402 e
1528 2370 1555 2400 G
1560 2378 1621 2401 er-

144 2428 263 2459 mania
285 2427 538 2461 laudat-issima.
586 2429 730 2462 Candidi
753 2430 799 2461 ibi
812 2451 822 2471 ‚
853 2437 983 2462 verum
1004 2429 1184 2468 minores,
1215 2427 1358 2469 ,σηπίαν
1388 2425 1618 2466 appellantur.

146 2482 303 2517 Pretium
335 2484 474 2525 plumae
509 2493 652 2529 eorum,
683 2488 719 2518 in
743 2486 853 2518 libras
885 2485 1022 2519 denarii
1046 2486 1153 2527 quini.
1199 2486 1245 2517 Et
1266 2484 1348 2516 inde
1372 2483 1521 2515 crimina
1545 2482 1620 2522 ple-

145 2547 291 2581 rumque
315 2542 525 2574 auxiliorum
548 2544 760 2585 praefectis,
790 2552 814 2576 ιι
837 2543 971 2586 vigili
995 2544 1199 2576 statione
1223 2541 1275 2574 ad
1297 2541 1409 2573 haee
1430 2541 1619 2580 aucupia

147 2594 347 2628 dimissis
378 2598 640 2632 cohortibus
672 2600 799 2634 totis.

238 2648 274 2690 ⁵)
296 2652 380 2686 Ibid.
404 2653 428 2687 l.
454 2663 486 2687 c.

239 2705 275 2746 6)
297 2708 513 2745 Fortunatus
536 2711 623 2755 vn,-
645 2712 700 2745 4.:

285 2766 355 2798 Aut
376 2768 478 2801 Mosa
501 2769 603 2803 dulce
626 2778 780 2812 sonans,
805 2778 875 2813 quo
898 2778 1005 2814 grus,
1029 2769 1163 2812 Ganta,
1186 2775 1295 2803 anser
1317 2767 1466 2812 olorque

288 2821 441 2864 Triplioe
462 2833 584 2859 meroe
605 2827 732 2871 ferax,
755 2828 860 2870 alite,
883 2829 1000 2870 pisce,
1024 2830 1114 2861 rate.
