1781 3217
726 119 1067 171 -37-

159 248 320 293 ventri
351 257 430 294 eet.
514 247 746 293 Nascitur
781 248 1095 309 qualicumque
1129 249 1221 296 colo
1255 265 1358 296 oum
1392 255 1631 300 centesimo

155 343 316 390 grano
333 347 348 373 .-
387 331 627 387 cpmmque
656 343 753 387 pro
787 330 1035 374 laetamine
1073 331 1194 376 est“.
1275 331 1403 376 Finis
1423 381 1429 384 ,
1447 335 1627 394 capitis,

160 412 283 471 quod
311 415 418 456 ante
447 410 563 456 haec
591 410 783 470 legitur,
814 411 929 457 haec
958 411 1107 458 adhuc
1137 414 1360 459 continetx
1418 415 1522 474 „Id
1546 432 1629 460 an-

157 499 249 535 tem
278 492 402 546 quod
432 494 581 536 secale
617 508 674 535 ac
695 494 919 554 fao-rago
955 494 1222 550 appellatur
1260 498 1421 540 occari
1451 481 1629 541 temtum

159 571 452 617 desederat&
527 564 832 632 Posteaquam
879 572 1052 618 Plinius
1110 575 1267 619 eodem
1315 575 1433 624 libro
1484 577 1627 622 tritici

160 651 407 712 hordeique
437 665 610 710 genera
637 652 820 697 uberius
850 658 1137 712 exposuerat,
1166 659 1213 699 et
1242 654 1383 699 multa
1412 657 1468 699 de
1490 656 1623 701 vario

162 747 318 777 eorum
346 749 432 777 usu
463 733 657 790 dixerat,
688 738 782 776 tum
812 735 871 777 ad
898 734 1128 791 legumina
1157 736 1412 796 herbasque
1441 738 1626 795 pabula-

164 827 242 858 res
271 813 456 857 transiit
485 818 532 858 ct
561 813 679 857 inter
714 813 798 858 has
836 814 989 860 secale
1025 815 1294 874 nominavit,
1333 817 1399 861 ita
1433 822 1484 861 ut
1521 818 1624 875 hoc,

160 894 202 938 si
230 894 278 938 id
305 894 517 939 frumenti
548 910 691 953 genus
721 900 877 953 esset,
915 895 1034 955 quod
1066 910 1149 940 nos
1184 896 1391 957 Roggen
1426 897 1624 955 appella-

159 989 285 1033 mus,
317 991 407 1020 non
434 981 561 1021 recto
590 975 691 1020 loco
720 976 915 1033 positum
945 981 1082 1021 esset.
1141 976 1391 1021 Praeterea
1418 977 1558 1020 indoli
1573 977 1622 1021 S.

165 1055 359 1100 cerealis
388 1060 645 1114 repugnant
673 1071 882 1113 magnum
912 1057 1085 1114 pondus
1095 1088 1110 1113 ,
1147 1056 1268 1101 acris
1298 1057 1548 1101 amaritudo
1579 1061 1627 1102 et

153 1135 328 1181 eximia
354 1136 565 1193 ubertas,
604 1151 718 1195 quae
749 1136 814 1179 illi
842 1136 1120 1194 tribuuntur,
1160 1137 1278 1181 sicut
1307 1137 1461 1181 addita
1498 1152 1624 1182 asse-

160 1216 355 1273 veratio,
385 1218 503 1275 quod
533 1216 644 1259 illud
673 1216 718 1259 in
749 1231 861 1274 agro
891 1222 1039 1261 satum
1067 1216 1141 1262 vel
1170 1218 1228 1260 ad
1260 1216 1623 1261 eumlaetifican-

142 1295 267 1346 'dum
296 1295 472 1353 valeat,
504 1296 696 1354 denique
725 1296 861 1340 etiam
891 1310 1067 1353 opera,
1085 1311 1216 1354 quam
1249 1298 1346 1351 ejus
1376 1295 1524 1339 cultus
1553 1310 1626 1340 re-

162 1374 391 1434 quirebat,
430 1390 634 1434 quaeque
669 1374 857 1435 labori,
884 1374 959 1434 qui
996 1374 1042 1418 in
1079 1375 1281 1419 triticum
1320 1375 1625 1432 hordeumque

162 1450 529 1513 insumebaturi)‚
559 1454 680 1498 nullo
699 1459 835 1512 pacto
863 1456 1121 1513 respondet.
1180 1453 1331 1498 Primo
1361 1455 1517 1498 obtutu
1547 1469 1626 1513 pu-

160 1535 328 1580 taverit
365 1534 551 1593 aliquis,
590 1533 745 1579 secale
771 1534 883 1578 illud
911 1534 1053 1579 fuisse
1082 1534 1294 1578 frumenti
1323 1549 1467 1591 genus
1498 1534 1625 1579 Tau-

166 1615 280 1658 rinis
312 1614 565 1672 proprium,
603 1615 721 1674 quod
748 1613 1009 1673 neutiquam
1039 1614 1105 1656 ita
1141 1619 1262 1667 erat3
1302 1628 1493 1672 namque
1528 1619 1626 1661 tan-

165 1700 260 1744 tum
293 1709 455 1745 nomen
472 1694 649 1738 Asiae
679 1693 737 1736 iis
767 1692 1141 1750 eratpeculiare.
1199 1692 1372 1742 Plinius
1402 1693 1553 1752 itaque
1581 1693 1629 1738 in

161 1773 299 1818 Italia
350 1774 396 1818 id
441 1772 552 1830 ipsis
602 1772 745 1816 oculis
792 1771 1061 1829 cognovisse
1103 1772 1263 1830 potuit.
1327 1771 1492 1816 Plures
1537 1771 1624 1818 viri

166 1855 313 1911 docti,
351 1853 528 1898 nomine
557 1852 698 1896 Asiae
737 1851 786 1894 S.
817 1851 996 1895 cereale
1034 1856 1236 1894 nostrum
1266 1850 1509 1908 significari
1538 1852 1625 1898 hac

162 1936 219 1980 de
258 1949 400 1979 causa
436 1935 739 1987 censuerunt,
776 1921 895 1991 quod
923 1931 1011 1975 hoc
1036 1936 1220 1990 propter
1248 1930 1441 1990 patriam
1478 1946 1622 1989 suam,

162 2014 346 2069 Asiam,
376 2013 441 2056 ita
472 2011 744 2069 appellatum
773 2007 926 2053 fuerit.
985 2010 1228 2065 Linkius2)
1261 2015 1421 2053 contra
1448 2010 1621 2066 statuit,

162 2097 210 2137 et
236 2096 362 2136 recte
393 2091 586 2150 quidem,
615 2104 775 2133 nomen
806 2088 987 2145 secalis,
1018 2090 1136 2147 quod
1153 2087 1293 2132 herba
1307 2087 1620 2145 fuerit,'quae,

161 2177 212 2216 ut
240 2170 396 2229 pecori
423 2169 637 2228 pabulum
669 2173 806 2225 esset,
836 2161 1086 2223 secaretur,
1116 2182 1145 2210 a
1174 2167 1309 2211 verbo
1341 2166 1525 2210 secandi
1543 2167 1621 2210 du-

164 2251 354 2296 cendum
385 2265 503 2296 esse.
562 2248 703 2302 olyra
733 2253 780 2291 et
808 2262 905 2297 zea,
935 2262 1049 2306 quae
1080 2250 1126 2290 et
1155 2246 1282 2303 ipsae
1312 2244 1620 2304 aquibusdam

162 2331 212 2375 S.
245 2329 424 2376 cereale
454 2329 743 2389 putabantur,
774 2327 834 2370 T.
866 2326 1041 2385 speltae
1071 2326 1256 2369 fuerunt
1282 2325 1543 2381 varietates,
1573 2324 1621 2369 id

163 2412 283 2470 quod
304 2426 447 2470 quum
476 2410 594 2454 idem
623 2404 815 2452 Linkius
846 2422 872 2451 e
900 2405 1102 2464 pluribus
1130 2404 1243 2449 locis
1282 2404 1617 2471 demonstravit,

162 2495 259 2535 tum
288 2490 481 2535 maxime
511 2488 647 2533 etiam
684 2503 710 2531 e
739 2486 873 2545 Plinii
908 2486 1008 2531 loco
1038 2483 1211 2530 XVIII.
1251 2500 1291 2528 c.
1323 2482 1409 2528 20.
1428 2486 1492 2527 -ef
1529 2482 1616 2529 29.

163 2570 407 2614 dilucidum
438 2575 522 2615 est.
580 2568 626 2611 Is
645 2567 776 2623 enim,
808 2567 882 2625 qui
901 2565 1172 2624 aliquamdiu
1189 2563 1501 2608 in-Germania
1518 2564 1619 2622 fuit,

161 2650 208 2694 in
239 2648 546 2696 describendis
575 2647 784 2692 frumenti
813 2644 1267 2704 generibussecale,
1307 2645 1445 2702 quod,
1483 2656 1616 2703 quum

255 2775 290 2817 ¹)
312 2777 366 2812 Cf.
391 2780 435 2813 de
458 2780 525 2813 hac
546 2787 586 2812 re
609 2776 685 2811 Col.
708 2776 752 2818 Π,
775 2775 808 2808 9.

252 2834 288 2875 ²)
315 2836 369 2869 cf.
392 2835 515 2871 mttere
538 2832 646 2879 (Bady.
668 2833 701 2868 b.
724 2829 970 2867 &ettaibeatten
991 2829 1014 2862 l.
1040 2838 1070 2863 c.
1094 2839 1128 2871 p.
1151 2828 1244 2862 135.-
