<?xml version="1.0" encoding="UTF-8"?>
<!DOCTYPE html PUBLIC "-//W3C//DTD XHTML 1.0 Transitional//EN"
    "http://www.w3.org/TR/xhtml1/DTD/xhtml1-transitional.dtd">
<html xmlns="http://www.w3.org/1999/xhtml" xml:lang="en" lang="en">
 <head>
  <title>
</title>
<meta http-equiv="Content-Type" content="text/html;charset=utf-8" />
  <meta name='ocr-system' content='tesseract 3.04.00' />
  <meta name='ocr-capabilities' content='ocr_page ocr_carea ocr_par ocr_line ocrx_word'/>
</head>
<body>
  <div class='ocr_page' id='page_1' title='image "./4622882_0026.png"; bbox 0 0 1781 3217; ppageno 0'>
   <div class='ocr_carea' id='block_1_1' title="bbox 709 120 1050 171">
    <p class='ocr_par' dir='ltr' id='par_1_1' title="bbox 709 120 1050 171">
     <span class='ocr_line' id='line_1_1' title="bbox 709 120 1050 171; baseline 0 -12"><span class='ocrx_word' id='word_1_1' title='bbox 709 120 1050 171; x_wconf 54' lang='lat'>-13—</span> 
     </span>
    </p>
   </div>
   <div class='ocr_carea' id='block_1_2' title="bbox 144 247 1615 389">
    <p class='ocr_par' dir='ltr' id='par_1_2' title="bbox 144 247 1615 389">
     <span class='ocr_line' id='line_1_2' title="bbox 146 247 1615 308; baseline 0.001 -16"><span class='ocrx_word' id='word_1_2' title='bbox 146 251 306 295; x_wconf 84' lang='lat' dir='ltr'>bouem</span> <span class='ocrx_word' id='word_1_3' title='bbox 331 252 370 308; x_wconf 87' lang='lat'>1)</span> <span class='ocrx_word' id='word_1_4' title='bbox 402 261 642 306; x_wconf 80' lang='lat' dir='ltr'>narrasse,</span> <span class='ocrx_word' id='word_1_5' title='bbox 681 248 855 306; x_wconf 84' lang='lat' dir='ltr'>vinum,</span> <span class='ocrx_word' id='word_1_6' title='bbox 894 248 939 293; x_wconf 91' lang='lat' dir='ltr'>in</span> <span class='ocrx_word' id='word_1_7' title='bbox 970 247 1183 307; x_wconf 81' lang='lat' dir='ltr'>Tyrolis‚</span> <span class='ocrx_word' id='word_1_8' title='bbox 1220 247 1433 307; x_wconf 86' lang='lat' dir='ltr'>antiquae</span> <span class='ocrx_word' id='word_1_9' title='bbox 1463 249 1615 294; x_wconf 85' lang='lat' dir='ltr'>Rhae-</span> 
     </span>
     <span class='ocr_line' id='line_1_3' title="bbox 144 328 1612 389; baseline -0.001 -14"><span class='ocrx_word' id='word_1_10' title='bbox 144 331 262 389; x_wconf 87' lang='lat' dir='ltr'>tiae,</span> <span class='ocrx_word' id='word_1_11' title='bbox 300 330 495 376; x_wconf 80' lang='lat' dir='ltr'>vallibus</span> <span class='ocrx_word' id='word_1_12' title='bbox 534 334 712 387; x_wconf 79' lang='lat' dir='ltr'>natum,</span> <span class='ocrx_word' id='word_1_13' title='bbox 764 329 965 389; x_wconf 85' lang='lat' dir='ltr'>acceptis</span> <span class='ocrx_word' id='word_1_14' title='bbox 1003 328 1167 374; x_wconf 84' lang='lat' dir='ltr'>Italiae</span> <span class='ocrx_word' id='word_1_15' title='bbox 1207 328 1325 374; x_wconf 84' lang='lat' dir='ltr'>vinis</span> <span class='ocrx_word' id='word_1_16' title='bbox 1364 329 1475 373; x_wconf 87' lang='lat' dir='ltr'>nihil</span> <span class='ocrx_word' id='word_1_17' title='bbox 1512 344 1612 374; x_wconf 88' lang='lat' dir='ltr'>ces-</span> 
     </span>
    </p>
   </div>
   <div class='ocr_carea' id='block_1_3' title="bbox 144 412 277 455">
    <p class='ocr_par' dir='ltr' id='par_1_3' title="bbox 144 412 277 455">
     <span class='ocr_line' id='line_1_4' title="bbox 144 412 277 455; baseline -0.008 0"><span class='ocrx_word' id='word_1_18' title='bbox 144 412 277 455; x_wconf 81' lang='lat' dir='ltr'>sisse.</span> 
     </span>
    </p>
   </div>
   <div class='ocr_carea' id='block_1_4' title="bbox 133 499 1612 1670">
    <p class='ocr_par' dir='ltr' id='par_1_4' title="bbox 133 499 1612 1670">
     <span class='ocr_line' id='line_1_5' title="bbox 255 499 1612 560; baseline -0.001 -16"><span class='ocrx_word' id='word_1_19' title='bbox 255 499 362 544; x_wconf 86' lang='lat' dir='ltr'>Jam</span> <span class='ocrx_word' id='word_1_20' title='bbox 393 499 539 544; x_wconf 87' lang='lat' dir='ltr'>altera</span> <span class='ocrx_word' id='word_1_21' title='bbox 569 501 704 545; x_wconf 84' lang='lat' dir='ltr'>etiam</span> <span class='ocrx_word' id='word_1_22' title='bbox 735 517 891 558; x_wconf 83' lang='lat' dir='ltr'>causa,</span> <span class='ocrx_word' id='word_1_23' title='bbox 923 518 1053 560; x_wconf 87' lang='lat' dir='ltr'>quam</span> <span class='ocrx_word' id='word_1_24' title='bbox 1085 507 1243 545; x_wconf 87' lang='lat' dir='ltr'>auctor</span> <span class='ocrx_word' id='word_1_25' title='bbox 1272 500 1348 544; x_wconf 89' lang='lat' dir='ltr'>ille</span> <span class='ocrx_word' id='word_1_26' title='bbox 1379 516 1408 543; x_wconf 86' lang='lat' dir='ltr'>a</span> <span class='ocrx_word' id='word_1_27' title='bbox 1438 500 1612 544; x_wconf 84' lang='lat' dir='ltr'>brevis-</span> 
     </span>
     <span class='ocr_line' id='line_1_6' title="bbox 143 573 1610 639; baseline -0.001 -16"><span class='ocrx_word' id='word_1_28' title='bbox 143 579 507 638; x_wconf 80' lang='lat' dir='ltr'>simisTaoiti2)</span> <span class='ocrx_word' id='word_1_29' title='bbox 539 581 691 626; x_wconf 86' lang='lat' dir='ltr'>verbis</span> <span class='ocrx_word' id='word_1_30' title='bbox 716 573 915 639; x_wconf 80' lang='lat' dir='ltr'>repetiit,</span> <span class='ocrx_word' id='word_1_31' title='bbox 945 582 1001 625; x_wconf 84' lang='lat' dir='ltr'>iis</span> <span class='ocrx_word' id='word_1_32' title='bbox 1030 581 1158 639; x_wconf 80' lang='lat' dir='ltr'>ipsiS,</span> <span class='ocrx_word' id='word_1_33' title='bbox 1192 595 1306 639; x_wconf 89' lang='lat' dir='ltr'>quae</span> <span class='ocrx_word' id='word_1_34' title='bbox 1337 580 1381 623; x_wconf 90' lang='lat' dir='ltr'>in</span> <span class='ocrx_word' id='word_1_35' title='bbox 1413 580 1610 639; x_wconf 78' lang='lat' dir='ltr'>antiquis</span> 
     </span>
     <span class='ocr_line' id='line_1_7' title="bbox 144 659 1608 719; baseline 0 -17"><span class='ocrx_word' id='word_1_36' title='bbox 144 659 438 717; x_wconf 78' lang='lat' dir='ltr'><strong>scriptoribus</strong></span> <span class='ocrx_word' id='word_1_37' title='bbox 468 660 695 717; x_wconf 84' lang='lat' dir='ltr'>leguntur,</span> <span class='ocrx_word' id='word_1_38' title='bbox 725 661 977 718; x_wconf 83' lang='lat' dir='ltr'>impugnari</span> <span class='ocrx_word' id='word_1_39' title='bbox 1005 661 1243 719; x_wconf 81' lang='lat' dir='ltr'>refellique</span> <span class='ocrx_word' id='word_1_40' title='bbox 1273 664 1437 717; x_wconf 79' lang='lat' dir='ltr'>potest.</span> <span class='ocrx_word' id='word_1_41' title='bbox 1508 659 1608 702; x_wconf 91' lang='lat' dir='ltr'>Pri-</span> 
     </span>
     <span class='ocr_line' id='line_1_8' title="bbox 141 737 1607 799; baseline -0.001 -16"><span class='ocrx_word' id='word_1_42' title='bbox 141 755 260 784; x_wconf 89' lang='lat' dir='ltr'>mum</span> <span class='ocrx_word' id='word_1_43' title='bbox 289 740 432 799; x_wconf 86' lang='lat' dir='ltr'>ipsius</span> <span class='ocrx_word' id='word_1_44' title='bbox 462 739 617 784; x_wconf 84' lang='lat' dir='ltr'><strong>Taciti</strong></span> <span class='ocrx_word' id='word_1_45' title='bbox 647 740 774 785; x_wconf 81' lang='lat' dir='ltr'>locus</span> <span class='ocrx_word' id='word_1_46' title='bbox 805 741 861 785; x_wconf 85' lang='lat' dir='ltr'>G.</span> <span class='ocrx_word' id='word_1_47' title='bbox 893 757 932 786; x_wconf 89' lang='lat' dir='ltr'>c.</span> <span class='ocrx_word' id='word_1_48' title='bbox 970 740 1051 785; x_wconf 84' lang='lat'>10.</span> <span class='ocrx_word' id='word_1_49' title='bbox 1091 745 1251 785; x_wconf 91' lang='lat' dir='ltr'>contra</span> <span class='ocrx_word' id='word_1_50' title='bbox 1279 754 1382 783; x_wconf 88' lang='lat' dir='ltr'>eum</span> <span class='ocrx_word' id='word_1_51' title='bbox 1414 737 1607 783; x_wconf 81' lang='lat' dir='ltr'>afferen-</span> 
     </span>
     <span class='ocr_line' id='line_1_9' title="bbox 143 819 1607 880; baseline -0.001 -17"><span class='ocrx_word' id='word_1_52' title='bbox 143 821 226 864; x_wconf 81' lang='lat' dir='ltr'>dus</span> <span class='ocrx_word' id='word_1_53' title='bbox 269 825 353 864; x_wconf 86' lang='lat' dir='ltr'>est.</span> <span class='ocrx_word' id='word_1_54' title='bbox 402 819 669 877; x_wconf 65' lang='lat' dir='ltr'>„Sor-tium,</span> <span class='ocrx_word' id='word_1_55' title='bbox 708 821 873 878; x_wconf 85' lang='lat' dir='ltr'>inquit,</span> <span class='ocrx_word' id='word_1_56' title='bbox 910 822 1183 864; x_wconf 77' lang='lat' dir='ltr'><em>consuetudo</em></span> <span class='ocrx_word' id='word_1_57' title='bbox 1219 821 1429 880; x_wconf 73' lang='lat' dir='ltr'>simplex.</span> <span class='ocrx_word' id='word_1_58' title='bbox 1499 819 1607 862; x_wconf 64' lang='lat' dir='ltr'><em>Vir-</em></span> 
     </span>
     <span class='ocr_line' id='line_1_10' title="bbox 136 899 1604 960; baseline -0.001 -19"><span class='ocrx_word' id='word_1_59' title='bbox 136 914 254 960; x_wconf 76' lang='lat' dir='ltr'>gam</span> <span class='ocrx_word' id='word_1_60' title='bbox 275 900 433 959; x_wconf 78' lang='lat' dir='ltr'>frug</span> <span class='ocrx_word' id='word_1_61' title='bbox 442 901 639 956; x_wconf 65' lang='lat' dir='ltr'>afer-ae</span> <span class='ocrx_word' id='word_1_62' title='bbox 675 900 842 943; x_wconf 65' lang='lat' dir='ltr'>arbori</span> <span class='ocrx_word' id='word_1_63' title='bbox 873 900 1086 943; x_wconf 61' lang='lat' dir='ltr'>decisam‘</span> <span class='ocrx_word' id='word_1_64' title='bbox 1110 901 1162 942; x_wconf 75' lang='lat' dir='ltr'>in</span> <span class='ocrx_word' id='word_1_65' title='bbox 1197 899 1406 942; x_wconf 70' lang='lat' dir='ltr'>surculos</span> <span class='ocrx_word' id='word_1_66' title='bbox 1445 912 1604 957; x_wconf 78' lang='lat' dir='ltr'>ampu-</span> 
     </span>
     <span class='ocr_line' id='line_1_11' title="bbox 139 978 1607 1037; baseline -0.001 -16"><span class='ocrx_word' id='word_1_67' title='bbox 139 986 259 1034; x_wconf 78' lang='lat' dir='ltr'>tant,</span> <span class='ocrx_word' id='word_1_68' title='bbox 298 993 454 1035; x_wconf 73' lang='lat' dir='ltr'>eosque</span> <span class='ocrx_word' id='word_1_69' title='bbox 481 983 599 1022; x_wconf 59' lang='lat' dir='ltr'>notak</span> <span class='ocrx_word' id='word_1_70' title='bbox 626 980 893 1036; x_wconf 74' lang='lat' dir='ltr'>quibusdam</span> <span class='ocrx_word' id='word_1_71' title='bbox 908 980 1141 1023; x_wconf 69' lang='lat' dir='ltr'>discretos</span> <span class='ocrx_word' id='word_1_72' title='bbox 1177 994 1319 1037; x_wconf 77' lang='lat' dir='ltr'>super</span> <span class='ocrx_word' id='word_1_73' title='bbox 1355 978 1607 1020; x_wconf 72' lang='lat' dir='ltr'>candidam</span> 
     </span>
     <span class='ocr_line' id='line_1_12' title="bbox 140 1055 1604 1118; baseline -0.001 -18"><span class='ocrx_word' id='word_1_74' title='bbox 140 1066 304 1101; x_wconf 77' lang='lat' dir='ltr'>vestem</span> <span class='ocrx_word' id='word_1_75' title='bbox 332 1066 504 1102; x_wconf 76' lang='lat' dir='ltr'>temere</span> <span class='ocrx_word' id='word_1_76' title='bbox 533 1073 589 1101; x_wconf 80' lang='lat' dir='ltr'>ac</span> <span class='ocrx_word' id='word_1_77' title='bbox 601 1059 810 1115; x_wconf 74' lang='lat' dir='ltr'>fortuito</span> <span class='ocrx_word' id='word_1_78' title='bbox 836 1058 1114 1118; x_wconf 56' lang='lat' dir='ltr'>epoxrgunffl.</span> <span class='ocrx_word' id='word_1_79' title='bbox 1173 1055 1331 1115; x_wconf 88' lang='lat' dir='ltr'>Neque</span> <span class='ocrx_word' id='word_1_80' title='bbox 1361 1056 1479 1100; x_wconf 85' lang='lat' dir='ltr'>enim</span> <span class='ocrx_word' id='word_1_81' title='bbox 1511 1072 1604 1100; x_wconf 87' lang='lat' dir='ltr'>ma-</span> 
     </span>
     <span class='ocr_line' id='line_1_13' title="bbox 133 1136 1605 1195; baseline -0.001 -15"><span class='ocrx_word' id='word_1_82' title='bbox 133 1139 261 1192; x_wconf 83' lang='lat' dir='ltr'>jores</span> <span class='ocrx_word' id='word_1_83' title='bbox 300 1138 443 1181; x_wconf 84' lang='lat' dir='ltr'>nostri</span> <span class='ocrx_word' id='word_1_84' title='bbox 485 1137 582 1181; x_wconf 84' lang='lat' dir='ltr'>sine</span> <span class='ocrx_word' id='word_1_85' title='bbox 620 1153 785 1195; x_wconf 82' lang='lat' dir='ltr'>magna</span> <span class='ocrx_word' id='word_1_86' title='bbox 818 1138 863 1182; x_wconf 84' lang='lat' dir='ltr'>vi</span> <span class='ocrx_word' id='word_1_87' title='bbox 902 1143 948 1181; x_wconf 86' lang='lat' dir='ltr'>et</span> <span class='ocrx_word' id='word_1_88' title='bbox 983 1136 1211 1193; x_wconf 86' lang='lat' dir='ltr'>gravitate</span> <span class='ocrx_word' id='word_1_89' title='bbox 1241 1137 1286 1179; x_wconf 90' lang='lat' dir='ltr'>in</span> <span class='ocrx_word' id='word_1_90' title='bbox 1316 1137 1495 1181; x_wconf 83' lang='lat' dir='ltr'>actione</span> <span class='ocrx_word' id='word_1_91' title='bbox 1525 1136 1605 1180; x_wconf 86' lang='lat' dir='ltr'>illa</span> 
     </span>
     <span class='ocr_line' id='line_1_14' title="bbox 144 1216 1604 1273; baseline -0.001 -13"><span class='ocrx_word' id='word_1_92' title='bbox 144 1232 278 1261; x_wconf 86' lang='lat' dir='ltr'>sacra</span> <span class='ocrx_word' id='word_1_93' title='bbox 322 1216 515 1261; x_wconf 85' lang='lat' dir='ltr'>maxime</span> <span class='ocrx_word' id='word_1_94' title='bbox 554 1217 748 1261; x_wconf 87' lang='lat' dir='ltr'>surculis</span> <span class='ocrx_word' id='word_1_95' title='bbox 784 1217 1034 1273; x_wconf 80' lang='lat' dir='ltr'>frugiferae</span> <span class='ocrx_word' id='word_1_96' title='bbox 1072 1216 1248 1260; x_wconf 85' lang='lat' dir='ltr'>arboris</span> <span class='ocrx_word' id='word_1_97' title='bbox 1285 1217 1356 1259; x_wconf 86' lang='lat' dir='ltr'>usi</span> <span class='ocrx_word' id='word_1_98' title='bbox 1392 1217 1604 1261; x_wconf 86' lang='lat' dir='ltr'>videntur</span> 
     </span>
     <span class='ocr_line' id='line_1_15' title="bbox 142 1295 1605 1360; baseline 0.001 -21"><span class='ocrx_word' id='word_1_99' title='bbox 142 1305 270 1350; x_wconf 81' lang='lat' dir='ltr'>esse&#39;3</span> <span class='ocrx_word' id='word_1_100' title='bbox 307 1311 392 1340; x_wconf 88' lang='lat' dir='ltr'>nec</span> <span class='ocrx_word' id='word_1_101' title='bbox 430 1295 646 1340; x_wconf 81' lang='lat' dir='ltr'>credibile</span> <span class='ocrx_word' id='word_1_102' title='bbox 685 1300 779 1353; x_wconf 82' lang='lat' dir='ltr'>est,</span> <span class='ocrx_word' id='word_1_103' title='bbox 817 1295 961 1339; x_wconf 86' lang='lat' dir='ltr'>malos</span> <span class='ocrx_word' id='word_1_104' title='bbox 997 1295 1471 1360; x_wconf 83' lang='lat' dir='ltr'>pirosque·silvaticas</span> <span class='ocrx_word' id='word_1_105' title='bbox 1502 1312 1605 1341; x_wconf 87' lang='lat' dir='ltr'>eam</span> 
     </span>
     <span class='ocr_line' id='line_1_16' title="bbox 142 1375 1604 1434; baseline -0.001 -15"><span class='ocrx_word' id='word_1_106' title='bbox 142 1375 357 1419; x_wconf 85' lang='lat' dir='ltr'>habuisse</span> <span class='ocrx_word' id='word_1_107' title='bbox 389 1375 678 1433; x_wconf 80' lang='lat' dir='ltr'>dignitatem,</span> <span class='ocrx_word' id='word_1_108' title='bbox 717 1379 769 1419; x_wconf 91' lang='lat' dir='ltr'>ut</span> <span class='ocrx_word' id='word_1_109' title='bbox 795 1375 1037 1432; x_wconf 83' lang='lat' dir='ltr'>religiosus</span> <span class='ocrx_word' id='word_1_110' title='bbox 1067 1375 1124 1418; x_wconf 84' lang='lat' dir='ltr'>iis</span> <span class='ocrx_word' id='word_1_111' title='bbox 1154 1376 1478 1434; x_wconf 82' lang='lat' dir='ltr'>quodammodo</span> <span class='ocrx_word' id='word_1_112' title='bbox 1510 1375 1604 1419; x_wconf 87' lang='lat' dir='ltr'>cul-</span> 
     </span>
     <span class='ocr_line' id='line_1_17' title="bbox 142 1455 1605 1514; baseline -0.001 -15"><span class='ocrx_word' id='word_1_113' title='bbox 142 1461 216 1499; x_wconf 85' lang='lat' dir='ltr'>tus</span> <span class='ocrx_word' id='word_1_114' title='bbox 254 1456 522 1512; x_wconf 84' lang='lat' dir='ltr'>obtingeret.</span> <span class='ocrx_word' id='word_1_115' title='bbox 580 1455 780 1498; x_wconf 84' lang='lat' dir='ltr'><strong>Possunt</strong></span> <span class='ocrx_word' id='word_1_116' title='bbox 818 1456 995 1514; x_wconf 85' lang='lat' dir='ltr'>quidem</span> <span class='ocrx_word' id='word_1_117' title='bbox 1035 1456 1171 1499; x_wconf 87' lang='lat' dir='ltr'>etiam</span> <span class='ocrx_word' id='word_1_118' title='bbox 1210 1471 1401 1513; x_wconf 71' lang='lat' dir='ltr'>quercus</span> <span class='ocrx_word' id='word_1_119' title='bbox 1433 1461 1479 1500; x_wconf 85' lang='lat' dir='ltr'>et</span> <span class='ocrx_word' id='word_1_120' title='bbox 1507 1456 1605 1512; x_wconf 83' lang='lat' dir='ltr'>fagi</span> 
     </span>
     <span class='ocr_line' id='line_1_18' title="bbox 142 1533 1604 1591; baseline 0.001 -13"><span class='ocrx_word' id='word_1_121' title='bbox 142 1535 375 1580; x_wconf 82' lang='lat' dir='ltr'>silvestres</span> <span class='ocrx_word' id='word_1_122' title='bbox 419 1534 494 1581; x_wconf 87' lang='lat' dir='ltr'>vel</span> <span class='ocrx_word' id='word_1_123' title='bbox 538 1534 656 1579; x_wconf 88' lang='lat' dir='ltr'>aliae</span> <span class='ocrx_word' id='word_1_124' title='bbox 700 1534 831 1589; x_wconf 86' lang='lat' dir='ltr'>hujus</span> <span class='ocrx_word' id='word_1_125' title='bbox 875 1534 1057 1591; x_wconf 84' lang='lat' dir='ltr'>generis</span> <span class='ocrx_word' id='word_1_126' title='bbox 1103 1533 1291 1578; x_wconf 85' lang='lat' dir='ltr'>arbores</span> <span class='ocrx_word' id='word_1_127' title='bbox 1336 1534 1604 1579; x_wconf 79' lang='lat' dir='ltr'>fructiferae</span> 
     </span>
     <span class='ocr_line' id='line_1_19' title="bbox 143 1613 1331 1670; baseline 0 -13"><span class='ocrx_word' id='word_1_128' title='bbox 143 1615 309 1670; x_wconf 81' lang='lat' dir='ltr'>fuisse,</span> <span class='ocrx_word' id='word_1_129' title='bbox 339 1616 421 1659; x_wconf 81' lang='lat' dir='ltr'>sed</span> <span class='ocrx_word' id='word_1_130' title='bbox 449 1616 535 1657; x_wconf 88' lang='lat' dir='ltr'>hoc</span> <span class='ocrx_word' id='word_1_131' title='bbox 565 1614 711 1657; x_wconf 88' lang='lat' dir='ltr'>minus</span> <span class='ocrx_word' id='word_1_132' title='bbox 740 1613 848 1656; x_wconf 88' lang='lat' dir='ltr'>mihi</span> <span class='ocrx_word' id='word_1_133' title='bbox 876 1613 1108 1670; x_wconf 85' lang='lat' dir='ltr'>probabile</span> <span class='ocrx_word' id='word_1_134' title='bbox 1138 1614 1331 1658; x_wconf 84' lang='lat' dir='ltr'>videtur.</span> 
     </span>
    </p>
   </div>
   <div class='ocr_carea' id='block_1_5' title="bbox 134 1713 1660 2405">
    <p class='ocr_par' dir='ltr' id='par_1_5' title="bbox 134 1713 1660 2405">
     <span class='ocr_line' id='line_1_20' title="bbox 253 1713 1603 1773; baseline 0.001 -14"><span class='ocrx_word' id='word_1_135' title='bbox 253 1715 486 1760; x_wconf 81' lang='lat' dir='ltr'>Radlofius</span> <span class='ocrx_word' id='word_1_136' title='bbox 506 1717 544 1772; x_wconf 81' lang='lat'>3)</span> <span class='ocrx_word' id='word_1_137' title='bbox 583 1714 740 1759; x_wconf 82' lang='lat' dir='ltr'>Taciti</span> <span class='ocrx_word' id='word_1_138' title='bbox 768 1713 909 1759; x_wconf 85' lang='lat' dir='ltr'>verba</span> <span class='ocrx_word' id='word_1_139' title='bbox 945 1714 1164 1772; x_wconf 77' lang='lat' dir='ltr'>singulari</span> <span class='ocrx_word' id='word_1_140' title='bbox 1202 1717 1333 1759; x_wconf 88' lang='lat' dir='ltr'>modo</span> <span class='ocrx_word' id='word_1_141' title='bbox 1374 1716 1603 1773; x_wconf 84' lang='lat' dir='ltr'>explicare</span> 
     </span>
     <span class='ocr_line' id='line_1_21' title="bbox 142 1793 1602 1849; baseline 0 -11"><span class='ocrx_word' id='word_1_142' title='bbox 142 1800 344 1838; x_wconf 86' lang='lat' dir='ltr'>conatur.</span> <span class='ocrx_word' id='word_1_143' title='bbox 417 1794 628 1839; x_wconf 86' lang='lat' dir='ltr'>Animum</span> <span class='ocrx_word' id='word_1_144' title='bbox 659 1793 775 1836; x_wconf 89' lang='lat' dir='ltr'>enim</span> <span class='ocrx_word' id='word_1_145' title='bbox 806 1795 1042 1838; x_wconf 88' lang='lat' dir='ltr'>attendere</span> <span class='ocrx_word' id='word_1_146' title='bbox 1072 1809 1154 1837; x_wconf 86' lang='lat' dir='ltr'>nos</span> <span class='ocrx_word' id='word_1_147' title='bbox 1175 1795 1308 1849; x_wconf 89' lang='lat' dir='ltr'>jubet</span> <span class='ocrx_word' id='word_1_148' title='bbox 1345 1796 1405 1839; x_wconf 83' lang='lat' dir='ltr'>ad</span> <span class='ocrx_word' id='word_1_149' title='bbox 1443 1795 1602 1838; x_wconf 89' lang='lat' dir='ltr'>multo-</span> 
     </span>
     <span class='ocr_line' id='line_1_22' title="bbox 139 1873 1600 1932; baseline 0.001 -16"><span class='ocrx_word' id='word_1_150' title='bbox 139 1888 236 1916; x_wconf 86' lang='lat' dir='ltr'>rum</span> <span class='ocrx_word' id='word_1_151' title='bbox 268 1873 526 1930; x_wconf 83' lang='lat' dir='ltr'>verborum,</span> <span class='ocrx_word' id='word_1_152' title='bbox 556 1888 672 1932; x_wconf 88' lang='lat' dir='ltr'>quae</span> <span class='ocrx_word' id='word_1_153' title='bbox 703 1889 801 1916; x_wconf 92' lang='lat' dir='ltr'>cum</span> <span class='ocrx_word' id='word_1_154' title='bbox 832 1875 883 1916; x_wconf 72' lang='lat'>2⁰72</span> <span class='ocrx_word' id='word_1_155' title='bbox 912 1875 1163 1930; x_wconf 83' lang='lat' dir='ltr'>composita</span> <span class='ocrx_word' id='word_1_156' title='bbox 1192 1875 1296 1930; x_wconf 84' lang='lat' dir='ltr'>sint,</span> <span class='ocrx_word' id='word_1_157' title='bbox 1327 1875 1600 1917; x_wconf 81' lang='lat' dir='ltr'>utimmuta-</span> 
     </span>
     <span class='ocr_line' id='line_1_23' title="bbox 139 1951 1660 2010; baseline 0.001 -17"><span class='ocrx_word' id='word_1_158' title='bbox 139 1951 264 2007; x_wconf 83' lang='lat' dir='ltr'>bilis,</span> <span class='ocrx_word' id='word_1_159' title='bbox 302 1966 386 2009; x_wconf 91' lang='lat' dir='ltr'>quo</span> <span class='ocrx_word' id='word_1_160' title='bbox 426 1966 513 1994; x_wconf 93' lang='lat' dir='ltr'>non</span> <span class='ocrx_word' id='word_1_161' title='bbox 551 1952 681 1994; x_wconf 84' lang='lat' dir='ltr'>modo</span> <span class='ocrx_word' id='word_1_162' title='bbox 720 1951 785 2001; x_wconf 88' lang='lat' dir='ltr'>id,</span> <span class='ocrx_word' id='word_1_163' title='bbox 832 1953 950 2009; x_wconf 84' lang='lat' dir='ltr'>quod</span> <span class='ocrx_word' id='word_1_164' title='bbox 985 1958 1182 2010; x_wconf 86' lang='lat' dir='ltr'>nequeat</span> <span class='ocrx_word' id='word_1_165' title='bbox 1218 1952 1407 2005; x_wconf 76' lang='lat' dir='ltr'>mutari,</span> <span class='ocrx_word' id='word_1_166' title='bbox 1445 1967 1600 1996; x_wconf 86' lang='lat' dir='ltr'>verum</span> <span class='ocrx_word' id='word_1_167' title='bbox 1658 1965 1660 1967; x_wconf 79' lang='grc'><strong>’</strong></span> 
     </span>
     <span class='ocr_line' id='line_1_24' title="bbox 138 2029 1598 2087; baseline 0 -14"><span class='ocrx_word' id='word_1_168' title='bbox 138 2029 297 2085; x_wconf 84' lang='lat' dir='ltr'>ctiam,</span> <span class='ocrx_word' id='word_1_169' title='bbox 328 2032 443 2087; x_wconf 91' lang='lat' dir='ltr'>quod</span> <span class='ocrx_word' id='word_1_170' title='bbox 474 2030 667 2073; x_wconf 84' lang='lat' dir='ltr'>maxime</span> <span class='ocrx_word' id='word_1_171' title='bbox 699 2029 759 2072; x_wconf 84' lang='lat' dir='ltr'>sit</span> <span class='ocrx_word' id='word_1_172' title='bbox 788 2031 1004 2074; x_wconf 90' lang='lat' dir='ltr'>mutabile</span> <span class='ocrx_word' id='word_1_173' title='bbox 1035 2031 1339 2087; x_wconf 85' lang='lat' dir='ltr'>significetur,</span> <span class='ocrx_word' id='word_1_174' title='bbox 1380 2032 1598 2086; x_wconf 70' lang='lat' dir='ltr'>ambigui-</span> 
     </span>
     <span class='ocr_line' id='line_1_25' title="bbox 137 2108 1598 2169; baseline 0.001 -17"><span class='ocrx_word' id='word_1_175' title='bbox 137 2114 301 2166; x_wconf 81' lang='lat' dir='ltr'>tatem,</span> <span class='ocrx_word' id='word_1_176' title='bbox 341 2113 387 2152; x_wconf 88' lang='lat' dir='ltr'>et</span> <span class='ocrx_word' id='word_1_177' title='bbox 426 2109 543 2152; x_wconf 90' lang='lat' dir='ltr'>hunc</span> <span class='ocrx_word' id='word_1_178' title='bbox 579 2123 708 2152; x_wconf 89' lang='lat' dir='ltr'>usum</span> <span class='ocrx_word' id='word_1_179' title='bbox 748 2108 884 2152; x_wconf 88' lang='lat' dir='ltr'>etiam</span> <span class='ocrx_word' id='word_1_180' title='bbox 914 2109 959 2152; x_wconf 88' lang='lat' dir='ltr'>in</span> <span class='ocrx_word' id='word_1_181' title='bbox 988 2109 1207 2155; x_wconf 88' lang='lat' dir='ltr'>vocabulo</span> <span class='ocrx_word' id='word_1_182' title='bbox 1236 2111 1481 2169; x_wconf 72' lang='lat' dir='ltr'>impatiens</span> <span class='ocrx_word' id='word_1_183' title='bbox 1508 2124 1598 2153; x_wconf 90' lang='lat' dir='ltr'>non</span> 
     </span>
     <span class='ocr_line' id='line_1_26' title="bbox 136 2188 1598 2246; baseline 0 -15"><span class='ocrx_word' id='word_1_184' title='bbox 136 2203 270 2246; x_wconf 82' lang='lat' dir='ltr'>posse</span> <span class='ocrx_word' id='word_1_185' title='bbox 309 2203 396 2231; x_wconf 90' lang='lat' dir='ltr'>non</span> <span class='ocrx_word' id='word_1_186' title='bbox 432 2188 645 2244; x_wconf 81' lang='lat' dir='ltr'>agnosci,</span> <span class='ocrx_word' id='word_1_187' title='bbox 686 2193 865 2245; x_wconf 82' lang='lat' dir='ltr'>censet,</span> <span class='ocrx_word' id='word_1_188' title='bbox 904 2189 963 2231; x_wconf 84' lang='lat' dir='ltr'>ad</span> <span class='ocrx_word' id='word_1_189' title='bbox 1000 2189 1223 2232; x_wconf 83' lang='lat' dir='ltr'>Senecam</span> <span class='ocrx_word' id='word_1_190' title='bbox 1249 2190 1289 2246; x_wconf 82' lang='lat'>4)</span> <span class='ocrx_word' id='word_1_191' title='bbox 1326 2204 1598 2246; x_wconf 83' lang='lat' dir='ltr'>provocans,</span> 
     </span>
     <span class='ocr_line' id='line_1_27' title="bbox 137 2267 1598 2326; baseline 0.001 -15"><span class='ocrx_word' id='word_1_192' title='bbox 137 2268 211 2326; x_wconf 87' lang='lat' dir='ltr'>qui</span> <span class='ocrx_word' id='word_1_193' title='bbox 241 2268 428 2326; x_wconf 87' lang='lat' dir='ltr'>prolatis</span> <span class='ocrx_word' id='word_1_194' title='bbox 457 2267 628 2313; x_wconf 86' lang='lat' dir='ltr'>verbis:</span> <span class='ocrx_word' id='word_1_195' title='bbox 673 2282 931 2323; x_wconf 74' lang='lat' dir='ltr'>„summum</span> <span class='ocrx_word' id='word_1_196' title='bbox 961 2267 1121 2312; x_wconf 77' lang='lat' dir='ltr'>bonum</span> <span class='ocrx_word' id='word_1_197' title='bbox 1148 2271 1294 2312; x_wconf 66' lang='lat' dir='ltr'>vatnam</span> <span class='ocrx_word' id='word_1_198' title='bbox 1323 2278 1393 2313; x_wconf 73' lang='lat' dir='ltr'>est</span> <span class='ocrx_word' id='word_1_199' title='bbox 1416 2272 1598 2313; x_wconf 77' lang='lat' dir='ltr'>animus</span> 
     </span>
     <span class='ocr_line' id='line_1_28' title="bbox 134 2345 1596 2405; baseline 0.001 -16"><span class='ocrx_word' id='word_1_200' title='bbox 134 2349 443 2405; x_wconf 60' lang='lat' dir='ltr'>ampatieus,“</span> <span class='ocrx_word' id='word_1_201' title='bbox 471 2348 555 2390; x_wconf 90' lang='lat' dir='ltr'>hoc</span> <span class='ocrx_word' id='word_1_202' title='bbox 590 2346 782 2402; x_wconf 85' lang='lat' dir='ltr'>monuit,</span> <span class='ocrx_word' id='word_1_203' title='bbox 822 2362 878 2390; x_wconf 89' lang='lat' dir='ltr'>ne</span> <span class='ocrx_word' id='word_1_204' title='bbox 908 2347 1187 2391; x_wconf 81' lang='lat' dir='ltr'>Graecorum</span> <span class='ocrx_word' id='word_1_205' title='bbox 1226 2345 1433 2391; x_wconf 68' lang='grc' dir='ltr'><em>ἀπάθεια</em></span> <span class='ocrx_word' id='word_1_206' title='bbox 1463 2363 1596 2392; x_wconf 86' lang='lat' dir='ltr'>voca-</span> 
     </span>
    </p>
   </div>
   <div class='ocr_carea' id='block_1_6' title="bbox 134 2426 1595 2485">
    <p class='ocr_par' dir='ltr' id='par_1_6' title="bbox 134 2426 1595 2485">
     <span class='ocr_line' id='line_1_29' title="bbox 134 2426 1595 2485; baseline 0.001 -15"><span class='ocrx_word' id='word_1_207' title='bbox 134 2426 239 2470; x_wconf 90' lang='lat' dir='ltr'>bulo</span> <span class='ocrx_word' id='word_1_208' title='bbox 270 2427 548 2485; x_wconf 81' lang='lat' dir='ltr'>impatientia</span> <span class='ocrx_word' id='word_1_209' title='bbox 576 2431 803 2483; x_wconf 81' lang='lat' dir='ltr'>vertatur,</span> <span class='ocrx_word' id='word_1_210' title='bbox 841 2427 1002 2485; x_wconf 84' lang='lat' dir='ltr'>quippe</span> <span class='ocrx_word' id='word_1_211' title='bbox 1039 2428 1157 2484; x_wconf 90' lang='lat' dir='ltr'>quod</span> <span class='ocrx_word' id='word_1_212' title='bbox 1195 2427 1451 2484; x_wconf 87' lang='lat' dir='ltr'>ambiguum</span> <span class='ocrx_word' id='word_1_213' title='bbox 1491 2441 1595 2471; x_wconf 84' lang='lat' dir='ltr'>esse</span> 
     </span>
    </p>
   </div>
   <div class='ocr_carea' id='block_1_7' title="bbox 224 2541 1595 2585">
    <p class='ocr_par' dir='ltr' id='par_1_7' title="bbox 224 2541 1595 2585">
     <span class='ocr_line' id='line_1_30' title="bbox 224 2541 1595 2585; baseline 0 -8"><span class='ocrx_word' id='word_1_214' title='bbox 224 2542 259 2581; x_wconf 84' lang='lat'>¹)</span> <span class='ocrx_word' id='word_1_215' title='bbox 279 2544 407 2577; x_wconf 87' lang='lat' dir='ltr'>Strabo</span> <span class='ocrx_word' id='word_1_216' title='bbox 430 2544 489 2581; x_wconf 81' lang='lat' dir='ltr'>lv,</span> <span class='ocrx_word' id='word_1_217' title='bbox 513 2544 545 2575; x_wconf 88' lang='grc'>6.</span> <span class='ocrx_word' id='word_1_218' title='bbox 571 2542 605 2582; x_wconf 80' lang='lat' dir='ltr'>S.</span> <span class='ocrx_word' id='word_1_219' title='bbox 630 2544 665 2574; x_wconf 84' lang='grc'>8.</span> <span class='ocrx_word' id='word_1_220' title='bbox 690 2558 737 2568; x_wconf 93' lang='grc'><strong>-</strong></span> <span class='ocrx_word' id='word_1_221' title='bbox 760 2541 813 2574; x_wconf 82' lang='lat' dir='ltr'>cf.</span> <span class='ocrx_word' id='word_1_222' title='bbox 840 2542 929 2575; x_wconf 77' lang='lat' dir='ltr'>Plin.</span> <span class='ocrx_word' id='word_1_223' title='bbox 954 2542 996 2575; x_wconf 82' lang='grc' dir='ltr'>Η.</span> <span class='ocrx_word' id='word_1_224' title='bbox 1021 2542 1063 2574; x_wconf 78' lang='grc' dir='ltr'>Ν.</span> <span class='ocrx_word' id='word_1_225' title='bbox 1087 2542 1185 2585; x_wconf 67' lang='lat' dir='ltr'>XIV3</span> <span class='ocrx_word' id='word_1_226' title='bbox 1207 2544 1249 2575; x_wconf 83' lang='lat'>3.·</span> <span class='ocrx_word' id='word_1_227' title='bbox 1267 2544 1360 2576; x_wconf 78' lang='lat' dir='ltr'>Ante</span> <span class='ocrx_word' id='word_1_228' title='bbox 1383 2551 1464 2576; x_wconf 85' lang='lat' dir='ltr'>eum</span> <span class='ocrx_word' id='word_1_229' title='bbox 1475 2543 1595 2577; x_wconf 76' lang='lat' dir='ltr'>Rhae-</span> 
     </span>
    </p>
   </div>
   <div class='ocr_carea' id='block_1_8' title="bbox 138 2597 1596 2696">
    <p class='ocr_par' dir='ltr' id='par_1_8' title="bbox 138 2597 1596 2696">
     <span class='ocr_line' id='line_1_31' title="bbox 138 2597 1162 2641; baseline 0.001 -11"><span class='ocrx_word' id='word_1_230' title='bbox 138 2597 216 2632; x_wconf 72' lang='lat' dir='ltr'>ticis</span> <span class='ocrx_word' id='word_1_231' title='bbox 237 2602 338 2639; x_wconf 84' lang='lat' dir='ltr'>prior</span> <span class='ocrx_word' id='word_1_232' title='bbox 358 2607 482 2632; x_wconf 82' lang='lat' dir='ltr'>mensa</span> <span class='ocrx_word' id='word_1_233' title='bbox 504 2603 593 2641; x_wconf 75' lang='lat' dir='ltr'>erat,</span> <span class='ocrx_word' id='word_1_234' title='bbox 616 2602 652 2631; x_wconf 83' lang='lat' dir='ltr'>et</span> <span class='ocrx_word' id='word_1_235' title='bbox 675 2602 755 2632; x_wconf 83' lang='lat' dir='ltr'>uvis</span> <span class='ocrx_word' id='word_1_236' title='bbox 777 2599 1040 2632; x_wconf 81' lang='lat' dir='ltr'>veronensium</span> <span class='ocrx_word' id='word_1_237' title='bbox 1062 2607 1162 2640; x_wconf 79' lang='lat' dir='ltr'>agro.</span> 
     </span>
     <span class='ocr_line' id='line_1_32' title="bbox 220 2652 1596 2696; baseline 0.001 -9"><span class='ocrx_word' id='word_1_238' title='bbox 220 2652 255 2691; x_wconf 83' lang='lat'>²)</span> <span class='ocrx_word' id='word_1_239' title='bbox 277 2654 332 2687; x_wconf 79' lang='lat' dir='ltr'>Cf.</span> <span class='ocrx_word' id='word_1_240' title='bbox 342 2656 425 2688; x_wconf 80' lang='lat' dir='ltr'>Tac.</span> <span class='ocrx_word' id='word_1_241' title='bbox 443 2656 486 2688; x_wconf 78' lang='lat' dir='ltr'>G.</span> <span class='ocrx_word' id='word_1_242' title='bbox 501 2657 575 2690; x_wconf 83' lang='lat' dir='ltr'>c.5.</span> <span class='ocrx_word' id='word_1_243' title='bbox 590 2656 784 2688; x_wconf 54' lang='lat' dir='ltr'>Tenen...</span> <span class='ocrx_word' id='word_1_244' title='bbox 809 2656 896 2686; x_wconf 82' lang='lat' dir='ltr'>satis</span> <span class='ocrx_word' id='word_1_245' title='bbox 917 2655 1020 2686; x_wconf 83' lang='lat' dir='ltr'>ferax</span> <span class='ocrx_word' id='word_1_246' title='bbox 1027 2664 1039 2695; x_wconf 86' lang='lat'>;</span> <span class='ocrx_word' id='word_1_247' title='bbox 1070 2655 1320 2696; x_wconf 80' lang='lat' dir='ltr'>frugiferarum</span> <span class='ocrx_word' id='word_1_248' title='bbox 1335 2654 1504 2690; x_wconf 82' lang='lat' dir='ltr'>arborum</span> <span class='ocrx_word' id='word_1_249' title='bbox 1528 2658 1596 2689; x_wconf 86' lang='lat' dir='ltr'>im-</span> 
     </span>
    </p>
   </div>
   <div class='ocr_carea' id='block_1_9' title="bbox 130 2711 1561 2866">
    <p class='ocr_par' dir='ltr' id='par_1_9' title="bbox 130 2711 1561 2866">
     <span class='ocr_line' id='line_1_33' title="bbox 155 2711 278 2742; baseline 0 0"><span class='ocrx_word' id='word_1_250' title='bbox 155 2729 163 2742; x_wconf 77' lang='lat'>1</span> <span class='ocrx_word' id='word_1_251' title='bbox 178 2711 199 2742; x_wconf 70' lang='lat' dir='ltr'>t·</span> <span class='ocrx_word' id='word_1_252' title='bbox 225 2719 278 2742; x_wconf 78' lang='lat' dir='ltr'>ns,</span> 
     </span>
     <span class='ocr_line' id='line_1_34' title="bbox 130 2718 1561 2848; baseline 0.001 -46"><span class='ocrx_word' id='word_1_253' title='bbox 130 2718 176 2752; x_wconf 57' lang='lat'>1³2</span> <span class='ocrx_word' id='word_1_254' title='bbox 191 2718 258 2848; x_wconf 52' lang='grc' dir='ltr'>ιθῗ)</span> <span class='ocrx_word' id='word_1_255' title='bbox 281 2767 459 2811; x_wconf 65' lang='grc' dir='ltr'>ἕπαδῐοῑ,</span> <span class='ocrx_word' id='word_1_256' title='bbox 482 2762 807 2812; x_wconf 62' lang='grc' dir='ltr'>ἓὸἰῑδιιτιςέςεῖῷἰῴῐε</span> <span class='ocrx_word' id='word_1_257' title='bbox 829 2766 883 2802; x_wconf 77' lang='lat' dir='ltr'>bet</span> <span class='ocrx_word' id='word_1_258' title='bbox 906 2765 1105 2803; x_wconf 65' lang='lat' dir='ltr'>&amp;ermonem</span> <span class='ocrx_word' id='word_1_259' title='bbox 1150 2765 1248 2803; x_wconf 58' lang='lat' dir='ltr'>mett.</span> <span class='ocrx_word' id='word_1_260' title='bbox 1272 2768 1374 2807; x_wconf 82' lang='lat'><strong>1825.</strong></span> <span class='ocrx_word' id='word_1_261' title='bbox 1420 2781 1454 2814; x_wconf 80' lang='lat' dir='ltr'>p.</span> <span class='ocrx_word' id='word_1_262' title='bbox 1479 2771 1561 2806; x_wconf 73' lang='lat'>207.</span> 
     </span>
     <span class='ocr_line' id='line_1_35' title="bbox 243 2825 446 2866; baseline 0.005 -9"><span class='ocrx_word' id='word_1_263' title='bbox 243 2825 259 2862; x_wconf 89' lang='lat'>)</span> <span class='ocrx_word' id='word_1_264' title='bbox 281 2825 389 2866; x_wconf 82' lang='lat' dir='ltr'>Epist.</span> <span class='ocrx_word' id='word_1_265' title='bbox 413 2828 446 2858; x_wconf 85' lang='grc'>9.</span> 
     </span>
    </p>
   </div>
  </div>
 </body>
</html>
