1781 3217
635 139 1019 219 .—.1⁵—-

120 269 277 314 habet:
319 269 465 327 „Nec
500 280 678 322 recem‘
691 266 1006 312 subtrahe-mm
1035 266 1296 323 exemplum
1322 266 1376 309 in
1411 266 1587 313 Treve-

118 352 219 393 νέου
257 363 407 409 agro,
441 349 582 390 tertio
617 353 724 391 ante
757 347 879 392 hunc
904 360 1079 391 annum
1105 351 1399 404 compertum.
1459 345 1589 391 Nam

118 445 223 474 cum
252 428 542 487 praegelida
578 427 725 472 hiemo
761 436 926 484 captae
963 435 1113 473 essent
1150 434 1328 486 segetes
1341 457 1358 482 ,
1401 439 1586 486 resece-

119 515 263 565 νεικεῖ,
310 510 623 552 resarrz'entes
659 522 842 565 campos
876 522 1030 566 meme
1063 506 1246 552 Martio
1259 538 1275 563 ,
1318 502 1614 555 aberrem*

119 602 285 631 messes
316 588 634 633 habam-unffi.
692 587 866 632 Plinius
904 587 979 631 hic
1009 587 1194 645 quidem
1230 590 1412 643 narrat,
1455 590 1587 635 ante·

119 681 283 724 gressa
304 667 767 728 praegelz'dasshieme
797 672 979 724 segetes
1006 666 1113 724 gelu
1143 664 1334 724 periisse
1362 670 1411 709 et
1428 680 1586 712 mense

120 746 287 791 Martio
318 749 463 791 denuo
493 753 740 792 sementem
771 761 875 791 esse
902 746 1085 792 factam.
1142 746 1261 791 Num
1289 760 1417 804 vero,
1445 761 1585 806 quae·

121 842 196 885 so,
235 827 353 871 mira
386 827 474 872 hac
512 827 559 872 in
593 843 645 872 re
679 827 862 885 frigoris
894 827 968 873 'vis
1002 828 1328 885 cognoscitur?
1361 827 1585 875 Profecto

121 921 224 950 non.
303 907 482 950 Etenim
520 921 665 965 neque
705 913 889 965 segetes
926 906 1033 964 gelu
1057 912 1312 965 ,corruptae
1351 906 1585 954 inauditae

122 991 242 1044 sunt,
271 1001 417 1046 neque
447 988 839 1032 sementisserius
867 986 1019 1045 fiebat,
1050 1002 1181 1046 quam
1212 987 1346 1033 hodie
1375 987 1513 1035 etiam
1538 987 1586 1030 in

120 1066 326 1124 plurimis
343 1067 630 1119 ³Germaniae
654 1066 760 1113 fieri
785 1066 904 1112 solet
930 1066 1205 1124 regionibus.
1226 1112 1229 1115 ,
1265 1066 1585 1125 Compluribus

122 1152 280 1191 contra
309 1148 439 1191 annis
468 1148 807 1207 ‹et-quibusdam
836 1148 882 1192 in
910 1146 1024 1192 locis
1043 1146 1231 1191 sationis
1247 1152 1427 1206 tempus
1443 1146 1585 1196 multo

122 1226 268 1271 serius
307 1226 481 1272 initium
521 1229 654 1286 capit.
711 1229 875 1286 Itaque
911 1227 1317 1277 hociclarumest
1345 1241 1586 1283 argumen-

120 1310 248 1363 tum,
285 1311 392 1358 tunc
427 1322 515 1351 non
555 1307 698 1351 solum
733 1306 839 1350 anni
875 1311 1080 1365 tempora
1117 1311 1163 1350 et
1199 1305 1374 1355 rustica
1402 1307 1588 1363 negotia

123 1387 282 1430 eodem
318 1392 521 1443 tempore
560 1386 819 1444 incepisse,
867 1401 953 1444 quo
997 1401 1151 1443 nunc,
1193 1400 1352 1430 verum
1396 1388 1588 1432 eandem

122 1465 258 1510 etiam
288 1465 559 1524 temperiem
582 1465 698 1510 coeli
724 1463 889 1523 fuisse,
915 1480 1003 1524 qua
1030 1479 1149 1509 nunc
1166 1465 1463 1522 gaudeamus.
1501 1465 1588 1510 Illo

122 1544 222 1590 loco
253 1547 382 1591 nobis
408 1547 521 1590 data
549 1546 684 1590 etiam
715 1551 787 1591 cst
814 1546 971 1602 copia,
1008 1546 1065 1588 ‹le
1094 1545 1150 1587 iis
1172 1545 1431 1609 judicandi,
1470 1560 1589 1604 quae

123 1624 316 1669 Tacitus
339 1627 378 1682 1)
412 1630 459 1669 et
488 1624 666 1669 Seneca
682 1626 730 1682 2).
754 1626 811 1669 de
841 1628 1066 1673 aestatum
1095 1623 1265 1669 veteris
1282 1622 1589 1689 ’‘Gerbmaniae,

124 1705 163 1746 si
209 1720 290 1757 eas
320 1720 422 1748 cum
459 1705 628 1751 nostris
666 1718 1003 1760 comparamus,
1041 1687 1266 1746 brevitate
1306 1690 1430 1755 effati
1469 1711 1589 1749 sunt.

124 1782 224 1840 Ego
254 1783 472 1840 arbitror,
520 1797 601 1827 eas
631 1788 894 1840 constantes
923 1782 1172 1840 mansisse,
1209 1782 1379 1827 nullum
1402 1774 1589 1843 haidem

127 1865 389 1921 cujusquam
420 1862 653 1919 scriptoris
682 1863 832 1907 locum
868 1862 1093 1918 cognovi,
1130 1862 1208 1920 qui
1246 1863 1352 1907 huic
1390 1864 1589 1922 opinioni

124 1941 257 2000 plane
288 1948 521 2001 repugnet.
591 1942 711 1993 Quid
741 1942 857 1987 enim
887 1947 981 1989 tum
1010 1943 1067 1986 de
1097 1941 1255 1995 Taciti
1284 1943 1436 1989 verbis
1474 1956 1589 2001 „sa-

124 2023 184 2064 tis
197 2022 451 2077 ferax“3)
490 2025 693 2066 statuas‘}
733 2021 964 2070 Quomodo
994 2021 1299 2079 fertilitatem,
1339 2038 1470 2081 quam
1500 2024 1588 2082 ipsi
1614 2031 1617 2034 ⁴

126 2100 319 2143 Romani
339 2101 595 2156 statuerint,
627 2101 772 2143 animo
792 2100 874 2143 tibi
904 2100 1111 2157 effingas,
1143 2100 1183 2142 si
1212 2101 1384 2144 hiemes
1414 2102 1587 2158 frigore

126 2184 173 2223 et
202 2183 403 2223 aestates
433 2180 618 2223 humore
647 2185 740 2222 tam
770 2179 976 2223 horridas
1006 2179 1308 2237 cogitaveris,
1336 2184 1387 2224 ut
1414 2185 1585 2239 tempe-

127 2264 223 2303 stas
252 2258 348 2303 fere
379 2258 511 2303 simul
539 2263 585 2302 et
620 2259 779 2303 hiemis
817 2259 921 2302 anni
958 2258 1183 2303 millesimi
1223 2259 1587 2316 octingentesimi

128 2338 379 2383 duodecimi
410 2343 456 2383 et
483 2338 671 2382 aestatis
701 2339 806 2381 anni
836 2339 1037 2392 ejusdem
1068 2336 1242 2380 saeculi
1273 2338 1435 2382 decimi
1465 2340 1586 2383 sexti

127 2418 279 2461 fuerit.
337 2417 444 2461 Alia
480 2417 596 2461 enim
636 2431 693 2460 ex
731 2417 1033 2473 singularibus
1069 2421 1273 2463 veterum
1313 2418 1585 2475 scriptorum

129 2496 364 2541 sententiis
396 2497 588 2542 conditio
619 2496 829 2556 antiquae
849 2496 1120 2541 Germaniae
1151 2496 1357 2554 profecto
1386 2511 1475 2540 non
1505 2512 1586 2557 ap-

220 2680 253 2720 1)
277 2682 368 2715 Ann.
392 2682 443 2724 11,
466 2682 499 2713 5.
546 2682 672 2713 Juvat-i
692 2679 892 2713 Germanos
914 2681 1015 2713 brevi
1039 2682 1175 2713 aestate
1198 2683 1236 2712 et
1255 2684 1486 2721 praenamra
1507 2683 1589 2716 hie-

129 2745 197 2771 me.
245 2737 366 2770 Germ.
390 2739 449 2770 22.
496 2738 539 2770 Ut
560 2738 649 2779 apud
670 2745 759 2779 quos
781 2737 893 2768 hiems
914 2737 1101 2779 plurimum
1123 2742 1280 2778 occupat.

220 2790 254 2829 ²)
277 2792 330 2825 De
353 2803 457 2835 prov.
482 2795 554 2826 div.
578 2793 614 2825 4.
660 2793 837 2835 Perpetua
857 2793 937 2825 fflos
960 2794 1091 2834 hiems,
1116 2807 1159 2817 -

220 2846 256 2886 3)
279 2848 322 2881 G.
346 2857 378 2881 c.
403 2851 436 2881 5.
