<?xml version="1.0" encoding="UTF-8"?>
<!DOCTYPE html PUBLIC "-//W3C//DTD XHTML 1.0 Transitional//EN"
    "http://www.w3.org/TR/xhtml1/DTD/xhtml1-transitional.dtd">
<html xmlns="http://www.w3.org/1999/xhtml" xml:lang="en" lang="en">
 <head>
  <title>
</title>
<meta http-equiv="Content-Type" content="text/html;charset=utf-8" />
  <meta name='ocr-system' content='tesseract 3.04.00' />
  <meta name='ocr-capabilities' content='ocr_page ocr_carea ocr_par ocr_line ocrx_word'/>
</head>
<body>
  <div class='ocr_page' id='page_1' title='image "./4622882_0053.png"; bbox 0 0 1781 3217; ppageno 0'>
   <div class='ocr_carea' id='block_1_1' title="bbox 715 101 1060 150">
    <p class='ocr_par' dir='ltr' id='par_1_1' title="bbox 715 101 1060 150">
     <span class='ocr_line' id='line_1_1' title="bbox 715 101 1060 150; baseline 0.003 -12"><span class='ocrx_word' id='word_1_1' title='bbox 715 101 1060 150; x_wconf 72' lang='lat'><strong>-40-</strong></span> 
     </span>
    </p>
   </div>
   <div class='ocr_carea' id='block_1_2' title="bbox 144 224 1642 1890">
    <p class='ocr_par' dir='ltr' id='par_1_2' title="bbox 144 224 1642 1890">
     <span class='ocr_line' id='line_1_2' title="bbox 150 224 1635 285; baseline 0.002 -14"><span class='ocrx_word' id='word_1_2' title='bbox 150 227 432 284; x_wconf 84' lang='lat' dir='ltr'>nominatur,</span> <span class='ocrx_word' id='word_1_3' title='bbox 465 232 512 271; x_wconf 86' lang='lat' dir='ltr'>et</span> <span class='ocrx_word' id='word_1_4' title='bbox 541 226 587 270; x_wconf 88' lang='lat' dir='ltr'>in</span> <span class='ocrx_word' id='word_1_5' title='bbox 616 224 843 269; x_wconf 80' lang='lat' dir='ltr'>nonnullis</span> <span class='ocrx_word' id='word_1_6' title='bbox 873 224 1212 285; x_wconf 80' lang='lat' dir='ltr'>Huntlsriickii,</span> <span class='ocrx_word' id='word_1_7' title='bbox 1248 226 1387 272; x_wconf 86' lang='lat' dir='ltr'>Eifeli</span> <span class='ocrx_word' id='word_1_8' title='bbox 1418 226 1493 272; x_wconf 86' lang='lat' dir='ltr'>vel</span> <span class='ocrx_word' id='word_1_9' title='bbox 1522 226 1635 274; x_wconf 83' lang='lat' dir='ltr'>We-</span> 
     </span>
     <span class='ocr_line' id='line_1_3' title="bbox 150 305 1635 367; baseline 0.001 -16"><span class='ocrx_word' id='word_1_10' title='bbox 150 306 382 351; x_wconf 85' lang='lat' dir='ltr'>sterwaldi</span> <span class='ocrx_word' id='word_1_11' title='bbox 423 305 645 352; x_wconf 84' lang='lat' dir='ltr'><strong>tractibus</strong></span> <span class='ocrx_word' id='word_1_12' title='bbox 684 305 1034 351; x_wconf 88' lang='lat' dir='ltr'>usitatissimum</span> <span class='ocrx_word' id='word_1_13' title='bbox 1074 310 1195 366; x_wconf 85' lang='lat' dir='ltr'>apud</span> <span class='ocrx_word' id='word_1_14' title='bbox 1235 307 1465 367; x_wconf 79' lang='lat' dir='ltr'><strong>agricolas</strong></span> <span class='ocrx_word' id='word_1_15' title='bbox 1513 322 1635 365; x_wconf 83' lang='lat' dir='ltr'>esse,</span> 
     </span>
     <span class='ocr_line' id='line_1_4' title="bbox 148 386 1634 447; baseline 0 -17"><span class='ocrx_word' id='word_1_16' title='bbox 148 387 289 433; x_wconf 84' lang='lat' dir='ltr'>facile</span> <span class='ocrx_word' id='word_1_17' title='bbox 319 388 426 431; x_wconf 88' lang='lat' dir='ltr'>mihi</span> <span class='ocrx_word' id='word_1_18' title='bbox 456 387 729 443; x_wconf 82' lang='lat' dir='ltr'><strong>persuadeo,</strong></span> <span class='ocrx_word' id='word_1_19' title='bbox 760 391 811 430; x_wconf 90' lang='lat' dir='ltr'>ut</span> <span class='ocrx_word' id='word_1_20' title='bbox 841 386 1016 430; x_wconf 84' lang='lat' dir='ltr'>Plinius</span> <span class='ocrx_word' id='word_1_21' title='bbox 1048 387 1091 440; x_wconf 90' lang='lat' dir='ltr'>(l.</span> <span class='ocrx_word' id='word_1_22' title='bbox 1123 388 1227 433; x_wconf 83' lang='lat' dir='ltr'>vn.</span> <span class='ocrx_word' id='word_1_23' title='bbox 1262 406 1300 434; x_wconf 86' lang='lat' dir='ltr'>c.</span> <span class='ocrx_word' id='word_1_24' title='bbox 1335 388 1442 447; x_wconf 74' lang='lat'><strong>27.)</strong></span> <span class='ocrx_word' id='word_1_25' title='bbox 1473 392 1520 431; x_wconf 87' lang='lat' dir='ltr'>et</span> <span class='ocrx_word' id='word_1_26' title='bbox 1549 388 1634 431; x_wconf 84' lang='lat' dir='ltr'>So-</span> 
     </span>
     <span class='ocr_line' id='line_1_5' title="bbox 149 466 1634 525; baseline 0.001 -14"><span class='ocrx_word' id='word_1_27' title='bbox 149 467 270 512; x_wconf 91' lang='lat' dir='ltr'>linus</span> <span class='ocrx_word' id='word_1_28' title='bbox 300 468 358 525; x_wconf 86' lang='lat' dir='ltr'>(c.</span> <span class='ocrx_word' id='word_1_29' title='bbox 390 466 553 520; x_wconf 82' lang='lat' dir='ltr'><strong>XIX.)</strong></span> <span class='ocrx_word' id='word_1_30' title='bbox 584 466 707 511; x_wconf 85' lang='lat' dir='ltr'>idem</span> <span class='ocrx_word' id='word_1_31' title='bbox 737 468 859 525; x_wconf 83' lang='lat' dir='ltr'>apud</span> <span class='ocrx_word' id='word_1_32' title='bbox 888 466 1063 511; x_wconf 88' lang='lat' dir='ltr'>incolas</span> <span class='ocrx_word' id='word_1_33' title='bbox 1094 467 1327 513; x_wconf 77' lang='lat' dir='ltr'>(lunarum</span> <span class='ocrx_word' id='word_1_34' title='bbox 1357 469 1501 514; x_wconf 87' lang='lat' dir='ltr'>fuisse</span> <span class='ocrx_word' id='word_1_35' title='bbox 1529 484 1634 513; x_wconf 88' lang='lat' dir='ltr'>nar·</span> 
     </span>
     <span class='ocr_line' id='line_1_6' title="bbox 150 547 1635 608; baseline 0.001 -17"><span class='ocrx_word' id='word_1_36' title='bbox 150 553 283 601; x_wconf 81' lang='lat' dir='ltr'>rant3</span> <span class='ocrx_word' id='word_1_37' title='bbox 323 552 370 591; x_wconf 80' lang='lat' dir='ltr'>et</span> <span class='ocrx_word' id='word_1_38' title='bbox 399 547 473 592; x_wconf 89' lang='lat' dir='ltr'>vel</span> <span class='ocrx_word' id='word_1_39' title='bbox 503 549 624 605; x_wconf 90' lang='lat' dir='ltr'>apud</span> <span class='ocrx_word' id='word_1_40' title='bbox 655 547 980 592; x_wconf 87' lang='lat' dir='ltr'>fortunatiores</span> <span class='ocrx_word' id='word_1_41' title='bbox 1010 548 1216 608; x_wconf 85' lang='lat' dir='ltr'>reliquae</span> <span class='ocrx_word' id='word_1_42' title='bbox 1248 549 1525 594; x_wconf 81' lang='lat' dir='ltr'>Germaniae</span> <span class='ocrx_word' id='word_1_43' title='bbox 1555 549 1635 593; x_wconf 90' lang='lat' dir='ltr'>ho-</span> 
     </span>
     <span class='ocr_line' id='line_1_7' title="bbox 149 627 1636 687; baseline 0.001 -16"><span class='ocrx_word' id='word_1_44' title='bbox 149 627 293 671; x_wconf 87' lang='lat' dir='ltr'>mines</span> <span class='ocrx_word' id='word_1_45' title='bbox 323 627 412 671; x_wconf 90' lang='lat' dir='ltr'>hoc</span> <span class='ocrx_word' id='word_1_46' title='bbox 442 627 704 672; x_wconf 84' lang='lat' dir='ltr'>alimentum</span> <span class='ocrx_word' id='word_1_47' title='bbox 745 644 834 673; x_wconf 90' lang='lat' dir='ltr'>non</span> <span class='ocrx_word' id='word_1_48' title='bbox 872 643 1059 687; x_wconf 86' lang='lat' dir='ltr'>prorsus</span> <span class='ocrx_word' id='word_1_49' title='bbox 1100 635 1172 674; x_wconf 86' lang='lat' dir='ltr'>est</span> <span class='ocrx_word' id='word_1_50' title='bbox 1207 629 1486 674; x_wconf 81' lang='lat' dir='ltr'>inusitatum.</span> <span class='ocrx_word' id='word_1_51' title='bbox 1546 629 1636 674; x_wconf 88' lang='lat' dir='ltr'>Ubi</span> 
     </span>
     <span class='ocr_line' id='line_1_8' title="bbox 149 708 1636 770; baseline 0.001 -17"><span class='ocrx_word' id='word_1_52' title='bbox 149 724 260 753; x_wconf 82' lang='lat' dir='ltr'>vero</span> <span class='ocrx_word' id='word_1_53' title='bbox 292 708 384 752; x_wconf 88' lang='lat' dir='ltr'>alia</span> <span class='ocrx_word' id='word_1_54' title='bbox 413 708 628 752; x_wconf 87' lang='lat' dir='ltr'>frumenti</span> <span class='ocrx_word' id='word_1_55' title='bbox 659 724 833 766; x_wconf 85' lang='lat' dir='ltr'>genera</span> <span class='ocrx_word' id='word_1_56' title='bbox 861 716 1165 767; x_wconf 83' lang='lat' dir='ltr'>procreantur</span> <span class='ocrx_word' id='word_1_57' title='bbox 1193 726 1338 770; x_wconf 90' lang='lat' dir='ltr'>neque</span> <span class='ocrx_word' id='word_1_58' title='bbox 1368 709 1546 755; x_wconf 81' lang='lat' dir='ltr'>incolae</span> <span class='ocrx_word' id='word_1_59' title='bbox 1578 726 1636 755; x_wconf 88' lang='lat' dir='ltr'>ea</span> 
     </span>
     <span class='ocr_line' id='line_1_9' title="bbox 150 789 1634 847; baseline 0.001 -16"><span class='ocrx_word' id='word_1_60' title='bbox 150 792 209 832; x_wconf 85' lang='lat' dir='ltr'>ad</span> <span class='ocrx_word' id='word_1_61' title='bbox 239 789 342 832; x_wconf 89' lang='lat' dir='ltr'>aliis</span> <span class='ocrx_word' id='word_1_62' title='bbox 373 789 727 833; x_wconf 83' lang='lat' dir='ltr'>necessitatibus</span> <span class='ocrx_word' id='word_1_63' title='bbox 759 790 1136 834; x_wconf 85' lang='lat' dir='ltr'>satisfaciendum</span> <span class='ocrx_word' id='word_1_64' title='bbox 1167 793 1365 836; x_wconf 85' lang='lat' dir='ltr'>vendere</span> <span class='ocrx_word' id='word_1_65' title='bbox 1396 795 1634 847; x_wconf 81' lang='lat' dir='ltr'>coguntur,</span> 
     </span>
     <span class='ocr_line' id='line_1_10' title="bbox 149 870 1635 929; baseline 0.001 -16"><span class='ocrx_word' id='word_1_66' title='bbox 149 870 265 914; x_wconf 87' lang='lat' dir='ltr'>haec</span> <span class='ocrx_word' id='word_1_67' title='bbox 296 884 470 914; x_wconf 87' lang='lat' dir='ltr'>avenae</span> <span class='ocrx_word' id='word_1_68' title='bbox 502 876 629 913; x_wconf 80' lang='lat' dir='ltr'>certe</span> <span class='ocrx_word' id='word_1_69' title='bbox 660 870 885 929; x_wconf 87' lang='lat' dir='ltr'>praeferri</span> <span class='ocrx_word' id='word_1_70' title='bbox 915 870 1079 915; x_wconf 82' lang='lat' dir='ltr'>solent.</span> <span class='ocrx_word' id='word_1_71' title='bbox 1155 871 1229 915; x_wconf 86' lang='lat' dir='ltr'>Ita</span> <span class='ocrx_word' id='word_1_72' title='bbox 1258 872 1396 916; x_wconf 87' lang='lat' dir='ltr'>rebus</span> <span class='ocrx_word' id='word_1_73' title='bbox 1427 870 1635 928; x_wconf 82' lang='lat' dir='ltr'>angustis</span> 
     </span>
     <span class='ocr_line' id='line_1_11' title="bbox 152 950 1636 1009; baseline -0.001 -13"><span class='ocrx_word' id='word_1_74' title='bbox 152 966 320 1008; x_wconf 81' lang='lat' dir='ltr'>avena,</span> <span class='ocrx_word' id='word_1_75' title='bbox 350 956 401 994; x_wconf 86' lang='lat' dir='ltr'>ut</span> <span class='ocrx_word' id='word_1_76' title='bbox 432 951 634 996; x_wconf 87' lang='lat' dir='ltr'>Galenus</span> <span class='ocrx_word' id='word_1_77' title='bbox 646 955 685 1005; x_wconf 82' lang='lat'>³)</span> <span class='ocrx_word' id='word_1_78' title='bbox 716 967 800 995; x_wconf 89' lang='lat' dir='ltr'>nos</span> <span class='ocrx_word' id='word_1_79' title='bbox 833 952 1011 1009; x_wconf 84' lang='lat' dir='ltr'>docuit,</span> <span class='ocrx_word' id='word_1_80' title='bbox 1045 951 1183 995; x_wconf 86' lang='lat' dir='ltr'>etiam</span> <span class='ocrx_word' id='word_1_81' title='bbox 1214 952 1259 995; x_wconf 92' lang='lat' dir='ltr'>in</span> <span class='ocrx_word' id='word_1_82' title='bbox 1288 952 1419 1009; x_wconf 84' lang='lat' dir='ltr'>Asia,</span> <span class='ocrx_word' id='word_1_83' title='bbox 1450 950 1636 996; x_wconf 85' lang='lat' dir='ltr'>fertilis-</span> 
     </span>
     <span class='ocr_line' id='line_1_12' title="bbox 153 1023 1636 1089; baseline 0.001 -14"><span class='ocrx_word' id='word_1_84' title='bbox 153 1032 268 1075; x_wconf 89' lang='lat' dir='ltr'>sima</span> <span class='ocrx_word' id='word_1_85' title='bbox 298 1038 446 1089; x_wconf 84' lang='lat' dir='ltr'>terra,</span> <span class='ocrx_word' id='word_1_86' title='bbox 486 1032 542 1075; x_wconf 89' lang='lat' dir='ltr'>ab</span> <span class='ocrx_word' id='word_1_87' title='bbox 583 1033 838 1076; x_wconf 89' lang='lat' dir='ltr'>hominibus</span> <span class='ocrx_word' id='word_1_88' title='bbox 878 1033 1113 1077; x_wconf 85' lang='lat' dir='ltr'>edebatur.</span> <span class='ocrx_word' id='word_1_89' title='bbox 1173 1032 1243 1076; x_wconf 84' lang='lat' dir='ltr'>Is:</span> <span class='ocrx_word' id='word_1_90' title='bbox 1283 1023 1431 1089; x_wconf 74' lang='lat' dir='ltr'>„Hoc</span> <span class='ocrx_word' id='word_1_91' title='bbox 1468 1047 1636 1089; x_wconf 73' lang='lat' dir='ltr'>semen,</span> 
     </span>
     <span class='ocr_line' id='line_1_13' title="bbox 150 1111 1638 1171; baseline 0 -16"><span class='ocrx_word' id='word_1_92' title='bbox 150 1112 309 1170; x_wconf 75' lang='lat' dir='ltr'>inquit,</span> <span class='ocrx_word' id='word_1_93' title='bbox 338 1114 391 1155; x_wconf 73' lang='lat' dir='ltr'>in</span> <span class='ocrx_word' id='word_1_94' title='bbox 408 1111 527 1156; x_wconf 70' lang='lat' dir='ltr'>Asia</span> <span class='ocrx_word' id='word_1_95' title='bbox 550 1113 872 1171; x_wconf 61' lang='lat' dir='ltr'>perfrequens</span> <span class='ocrx_word' id='word_1_96' title='bbox 900 1121 987 1170; x_wconf 75' lang='lat' dir='ltr'>est,</span> <span class='ocrx_word' id='word_1_97' title='bbox 1019 1121 1067 1156; x_wconf 79' lang='lat' dir='ltr'>et</span> <span class='ocrx_word' id='word_1_98' title='bbox 1084 1114 1372 1171; x_wconf 74' lang='lat' dir='ltr'>potissimum</span> <span class='ocrx_word' id='word_1_99' title='bbox 1396 1114 1447 1155; x_wconf 76' lang='lat' dir='ltr'>in</span> <span class='ocrx_word' id='word_1_100' title='bbox 1462 1112 1638 1170; x_wconf 71' lang='lat' dir='ltr'>Mysia,</span> 
     </span>
     <span class='ocr_line' id='line_1_14' title="bbox 151 1192 1641 1253; baseline 0 -19"><span class='ocrx_word' id='word_1_101' title='bbox 151 1209 268 1251; x_wconf 77' lang='lat' dir='ltr'>quae</span> <span class='ocrx_word' id='word_1_102' title='bbox 296 1201 366 1235; x_wconf 77' lang='lat' dir='ltr'>esc</span> <span class='ocrx_word' id='word_1_103' title='bbox 384 1208 533 1250; x_wconf 71' lang='lat' dir='ltr'>supra</span> <span class='ocrx_word' id='word_1_104' title='bbox 560 1192 879 1253; x_wconf 72' lang='lat' dir='ltr'>Pergamum,</span> <span class='ocrx_word' id='word_1_105' title='bbox 916 1192 1004 1235; x_wconf 73' lang='lat' dir='ltr'>ubi</span> <span class='ocrx_word' id='word_1_106' title='bbox 1033 1201 1080 1236; x_wconf 78' lang='lat' dir='ltr'>ec</span> <span class='ocrx_word' id='word_1_107' title='bbox 1103 1194 1275 1251; x_wconf 70' lang='lat' dir='ltr'>typhae</span> <span class='ocrx_word' id='word_1_108' title='bbox 1305 1202 1353 1237; x_wconf 78' lang='lat' dir='ltr'>et</span> <span class='ocrx_word' id='word_1_109' title='bbox 1377 1193 1540 1250; x_wconf 65' lang='lat' dir='ltr'>olyrac</span> <span class='ocrx_word' id='word_1_110' title='bbox 1571 1200 1641 1235; x_wconf 74' lang='lat' dir='ltr'>est</span> 
     </span>
     <span class='ocr_line' id='line_1_15' title="bbox 151 1272 1638 1333; baseline -0.001 -17"><span class='ocrx_word' id='word_1_111' title='bbox 151 1272 417 1317; x_wconf 71' lang='lat' dir='ltr'>uberrimus</span> <span class='ocrx_word' id='word_1_112' title='bbox 438 1280 702 1333; x_wconf 69' lang='lat' dir='ltr'>proventus.</span> <span class='ocrx_word' id='word_1_113' title='bbox 761 1272 1090 1317; x_wconf 72' lang='lat' dir='ltr'>,lamentorum</span> <span class='ocrx_word' id='word_1_114' title='bbox 1121 1282 1271 1317; x_wconf 76' lang='lat' dir='ltr'>autem</span> <span class='ocrx_word' id='word_1_115' title='bbox 1289 1282 1356 1317; x_wconf 74' lang='lat' dir='ltr'>est</span> <span class='ocrx_word' id='word_1_116' title='bbox 1371 1274 1638 1317; x_wconf 65' lang='lat' dir='ltr'>celamentum</span> 
     </span>
     <span class='ocr_line' id='line_1_16' title="bbox 155 1353 1642 1411; baseline 0 -15"><span class='ocrx_word' id='word_1_117' title='bbox 155 1369 259 1407; x_wconf 62' lang='lat' dir='ltr'>non⁴</span> <span class='ocrx_word' id='word_1_118' title='bbox 275 1353 530 1397; x_wconf 57' lang='lat' dir='ltr'>homirnum:</span> <span class='ocrx_word' id='word_1_119' title='bbox 560 1356 658 1397; x_wconf 72' lang='lat' dir='ltr'>nisi</span> <span class='ocrx_word' id='word_1_120' title='bbox 681 1356 838 1411; x_wconf 52' lang='lat' dir='ltr'>utzyue</span> <span class='ocrx_word' id='word_1_121' title='bbox 868 1354 1119 1411; x_wconf 72' lang='lat' dir='ltr'>aliquando</span> <span class='ocrx_word' id='word_1_122' title='bbox 1149 1362 1364 1396; x_wconf 74' lang='lat' dir='ltr'>extrema</span> <span class='ocrx_word' id='word_1_123' title='bbox 1377 1355 1543 1411; x_wconf 79' lang='lat' dir='ltr'>fame,</span> <span class='ocrx_word' id='word_1_124' title='bbox 1573 1353 1642 1396; x_wconf 83' lang='lat' dir='ltr'>ad</span> 
     </span>
     <span class='ocr_line' id='line_1_17' title="bbox 144 1433 1638 1492; baseline -0.001 -15"><span class='ocrx_word' id='word_1_125' title='bbox 144 1450 297 1492; x_wconf 69' lang='lat' dir='ltr'>panes</span> <span class='ocrx_word' id='word_1_126' title='bbox 325 1449 388 1477; x_wconf 70' lang='lat' dir='ltr'>ex·</span> <span class='ocrx_word' id='word_1_127' title='bbox 416 1448 469 1478; x_wconf 77' lang='lat' dir='ltr'>eo</span> <span class='ocrx_word' id='word_1_128' title='bbox 496 1435 668 1477; x_wconf 72' lang='lat' dir='ltr'>semine</span> <span class='ocrx_word' id='word_1_129' title='bbox 696 1434 997 1491; x_wconf 75' lang='lat' dir='ltr'>conficiendos</span> <span class='ocrx_word' id='word_1_130' title='bbox 1012 1434 1393 1492; x_wconf 54' lang='lat' dir='ltr'>compellantur-‘2</span> <span class='ocrx_word' id='word_1_131' title='bbox 1452 1433 1638 1492; x_wconf 90' lang='lat' dir='ltr'>Antiqui</span> 
     </span>
     <span class='ocr_line' id='line_1_18' title="bbox 156 1507 1635 1571; baseline -0.001 -15"><span class='ocrx_word' id='word_1_132' title='bbox 156 1513 315 1556; x_wconf 85' lang='lat' dir='ltr'>Celtae</span> <span class='ocrx_word' id='word_1_133' title='bbox 347 1529 404 1556; x_wconf 84' lang='lat' dir='ltr'>ex</span> <span class='ocrx_word' id='word_1_134' title='bbox 434 1528 581 1557; x_wconf 89' lang='lat' dir='ltr'>avena</span> <span class='ocrx_word' id='word_1_135' title='bbox 612 1515 882 1557; x_wconf 86' lang='lat' dir='ltr'>cerevisiam</span> <span class='ocrx_word' id='word_1_136' title='bbox 922 1514 1275 1569; x_wconf 79' lang='lat' dir='ltr'>confieciebant,</span> <span class='ocrx_word' id='word_1_137' title='bbox 1316 1514 1361 1556; x_wconf 82' lang='lat' dir='ltr'>id</span> <span class='ocrx_word' id='word_1_138' title='bbox 1400 1515 1517 1571; x_wconf 84' lang='lat' dir='ltr'>quod</span> <span class='ocrx_word' id='word_1_139' title='bbox 1549 1507 1635 1555; x_wconf 49' lang='lat' dir='ltr'>‘im-</span> 
     </span>
     <span class='ocr_line' id='line_1_19' title="bbox 151 1592 1635 1651; baseline -0.001 -14"><span class='ocrx_word' id='word_1_140' title='bbox 151 1598 336 1651; x_wconf 86' lang='lat' dir='ltr'>perator</span> <span class='ocrx_word' id='word_1_141' title='bbox 347 1592 560 1637; x_wconf 87' lang='lat' dir='ltr'>Julianus</span> <span class='ocrx_word' id='word_1_142' title='bbox 579 1593 849 1651; x_wconf 74' lang='lat' dir='ltr'>Apostata4)</span> <span class='ocrx_word' id='word_1_143' title='bbox 872 1593 1202 1651; x_wconf 78' lang='lat' dir='ltr'>epigrammate</span> <span class='ocrx_word' id='word_1_144' title='bbox 1223 1593 1478 1639; x_wconf 84' lang='lat' dir='ltr'>cavillatur.</span> <span class='ocrx_word' id='word_1_145' title='bbox 1508 1593 1635 1638; x_wconf 87' lang='lat' dir='ltr'>Idem</span> 
     </span>
     <span class='ocr_line' id='line_1_20' title="bbox 156 1671 1636 1729; baseline -0.001 -13"><span class='ocrx_word' id='word_1_146' title='bbox 156 1673 306 1716; x_wconf 88' lang='lat' dir='ltr'>adhuc</span> <span class='ocrx_word' id='word_1_147' title='bbox 347 1673 531 1716; x_wconf 89' lang='lat' dir='ltr'>saeculo</span> <span class='ocrx_word' id='word_1_148' title='bbox 563 1673 739 1715; x_wconf 83' lang='lat' dir='ltr'>decimo</span> <span class='ocrx_word' id='word_1_149' title='bbox 771 1672 923 1729; x_wconf 87' lang='lat' dir='ltr'>quinto</span> <span class='ocrx_word' id='word_1_150' title='bbox 955 1671 1125 1716; x_wconf 80' lang='lat' dir='ltr'>factum</span> <span class='ocrx_word' id='word_1_151' title='bbox 1158 1678 1229 1716; x_wconf 84' lang='lat' dir='ltr'>est</span> <span class='ocrx_word' id='word_1_152' title='bbox 1257 1673 1496 1729; x_wconf 81' lang='lat' dir='ltr'>Augustae</span> <span class='ocrx_word' id='word_1_153' title='bbox 1526 1672 1636 1717; x_wconf 86' lang='lat' dir='ltr'>Vin-</span> 
     </span>
     <span class='ocr_line' id='line_1_21' title="bbox 155 1751 1633 1811; baseline 0.001 -15"><span class='ocrx_word' id='word_1_154' title='bbox 155 1753 403 1797; x_wconf 87' lang='lat' dir='ltr'>delicorum</span> <span class='ocrx_word' id='word_1_155' title='bbox 434 1753 732 1809; x_wconf 84' lang='lat' dir='ltr'>magistratus</span> <span class='ocrx_word' id='word_1_156' title='bbox 755 1754 890 1807; x_wconf 89' lang='lat' dir='ltr'>jussu</span> <span class='ocrx_word' id='word_1_157' title='bbox 921 1754 1044 1798; x_wconf 91' lang='lat' dir='ltr'>illius</span> <span class='ocrx_word' id='word_1_158' title='bbox 1074 1752 1246 1797; x_wconf 87' lang='lat' dir='ltr'>saeculi</span> <span class='ocrx_word' id='word_1_159' title='bbox 1285 1751 1402 1797; x_wconf 87' lang='lat' dir='ltr'>anno</span> <span class='ocrx_word' id='word_1_160' title='bbox 1441 1754 1633 1811; x_wconf 84' lang='lat' dir='ltr'>quadra-</span> 
     </span>
     <span class='ocr_line' id='line_1_22' title="bbox 153 1833 563 1890; baseline 0.005 -15"><span class='ocrx_word' id='word_1_161' title='bbox 153 1833 328 1889; x_wconf 85' lang='lat' dir='ltr'>gesimo</span> <span class='ocrx_word' id='word_1_162' title='bbox 360 1833 495 1877; x_wconf 88' lang='lat' dir='ltr'>tertio</span> <span class='ocrx_word' id='word_1_163' title='bbox 509 1835 563 1890; x_wconf 84' lang='lat'>⁵).</span> 
     </span>
    </p>
   </div>
   <div class='ocr_carea' id='block_1_3' title="bbox 547 1957 1236 2107">
    <p class='ocr_par' dir='ltr' id='par_1_3' title="bbox 547 1957 1236 2107">
     <span class='ocr_line' id='line_1_23' title="bbox 809 1957 984 2017; baseline 0.006 -15"><span class='ocrx_word' id='word_1_164' title='bbox 809 1959 856 2017; x_wconf 61' lang='grc' dir='ltr'>ς.</span> <span class='ocrx_word' id='word_1_165' title='bbox 902 1957 984 2003; x_wconf 84' lang='lat'>19.</span> 
     </span>
     <span class='ocr_line' id='line_1_24' title="bbox 547 2060 1236 2107; baseline 0.004 -4"><span class='ocrx_word' id='word_1_166' title='bbox 547 2060 634 2104; x_wconf 86' lang='lat' dir='ltr'>DE</span> <span class='ocrx_word' id='word_1_167' title='bbox 664 2060 839 2106; x_wconf 74' lang='lat' dir='ltr'>mmo</span> <span class='ocrx_word' id='word_1_168' title='bbox 871 2061 956 2105; x_wconf 85' lang='lat' dir='ltr'>ET</span> <span class='ocrx_word' id='word_1_169' title='bbox 986 2060 1236 2107; x_wconf 81' lang='lat' dir='ltr'>PANICO.</span> 
     </span>
    </p>
   </div>
   <div class='ocr_carea' id='block_1_4' title="bbox 149 2163 1636 2460">
    <p class='ocr_par' dir='ltr' id='par_1_4' title="bbox 149 2163 1636 2460">
     <span class='ocr_line' id='line_1_25' title="bbox 266 2163 1633 2223; baseline -0.001 -16"><span class='ocrx_word' id='word_1_170' title='bbox 266 2164 548 2222; x_wconf 77' lang='lat' dir='ltr'>Quamquam</span> <span class='ocrx_word' id='word_1_171' title='bbox 579 2164 705 2207; x_wconf 90' lang='lat' dir='ltr'>nulla</span> <span class='ocrx_word' id='word_1_172' title='bbox 735 2164 864 2207; x_wconf 86' lang='lat' dir='ltr'>nobis</span> <span class='ocrx_word' id='word_1_173' title='bbox 896 2169 1054 2208; x_wconf 84' lang='lat' dir='ltr'>exstat·</span> <span class='ocrx_word' id='word_1_174' title='bbox 1076 2164 1296 2221; x_wconf 87' lang='lat' dir='ltr'>narratio,</span> <span class='ocrx_word' id='word_1_175' title='bbox 1328 2179 1354 2208; x_wconf 92' lang='lat' dir='ltr'>e</span> <span class='ocrx_word' id='word_1_176' title='bbox 1386 2179 1474 2223; x_wconf 89' lang='lat' dir='ltr'>qua</span> <span class='ocrx_word' id='word_1_177' title='bbox 1500 2163 1633 2218; x_wconf 88' lang='lat' dir='ltr'>hujus</span> 
     </span>
     <span class='ocr_line' id='line_1_26' title="bbox 150 2243 1634 2301; baseline 0 -15"><span class='ocrx_word' id='word_1_178' title='bbox 150 2243 365 2286; x_wconf 87' lang='lat' dir='ltr'>frumenti</span> <span class='ocrx_word' id='word_1_179' title='bbox 397 2246 517 2301; x_wconf 83' lang='lat' dir='ltr'>apud</span> <span class='ocrx_word' id='word_1_180' title='bbox 546 2250 727 2289; x_wconf 86' lang='lat' dir='ltr'>veteres</span> <span class='ocrx_word' id='word_1_181' title='bbox 747 2244 1000 2287; x_wconf 83' lang='lat' dir='ltr'>Germanos</span> <span class='ocrx_word' id='word_1_182' title='bbox 1033 2244 1181 2287; x_wconf 84' lang='lat' dir='ltr'>cultus</span> <span class='ocrx_word' id='word_1_183' title='bbox 1213 2243 1466 2287; x_wconf 87' lang='lat' dir='ltr'>certissime</span> <span class='ocrx_word' id='word_1_184' title='bbox 1497 2257 1634 2300; x_wconf 83' lang='lat' dir='ltr'>appa-</span> 
     </span>
     <span class='ocr_line' id='line_1_27' title="bbox 149 2323 1636 2380; baseline -0.001 -14"><span class='ocrx_word' id='word_1_185' title='bbox 149 2329 274 2379; x_wconf 78' lang='lat' dir='ltr'>reat,</span> <span class='ocrx_word' id='word_1_186' title='bbox 320 2323 522 2377; x_wconf 87' lang='lat' dir='ltr'>Pytheas</span> <span class='ocrx_word' id='word_1_187' title='bbox 552 2329 731 2380; x_wconf 79' lang='lat' dir='ltr'>tamen,</span> <span class='ocrx_word' id='word_1_188' title='bbox 770 2323 1099 2379; x_wconf 84' lang='lat' dir='ltr'>Massiliensis,</span> <span class='ocrx_word' id='word_1_189' title='bbox 1139 2323 1226 2366; x_wconf 90' lang='lat' dir='ltr'>hoc</span> <span class='ocrx_word' id='word_1_190' title='bbox 1257 2325 1353 2378; x_wconf 89' lang='lat' dir='ltr'>jam</span> <span class='ocrx_word' id='word_1_191' title='bbox 1395 2323 1522 2367; x_wconf 88' lang='lat' dir='ltr'>circa</span> <span class='ocrx_word' id='word_1_192' title='bbox 1557 2337 1636 2365; x_wconf 87' lang='lat' dir='ltr'>an-</span> 
     </span>
     <span class='ocr_line' id='line_1_28' title="bbox 149 2396 1633 2460; baseline 0.001 -15"><span class='ocrx_word' id='word_1_193' title='bbox 149 2417 255 2446; x_wconf 89' lang='lat' dir='ltr'>num</span> <span class='ocrx_word' id='word_1_194' title='bbox 285 2396 657 2448; x_wconf 80' lang='lat' dir='ltr'>trecentesimum</span> <span class='ocrx_word' id='word_1_195' title='bbox 687 2403 958 2460; x_wconf 76' lang='lat' dir='ltr'>vigesimum</span> <span class='ocrx_word' id='word_1_196' title='bbox 990 2409 1095 2449; x_wconf 87' lang='lat' dir='ltr'>ante</span> <span class='ocrx_word' id='word_1_197' title='bbox 1116 2403 1224 2449; x_wconf 85' lang='lat' dir='ltr'>Chr.</span> <span class='ocrx_word' id='word_1_198' title='bbox 1255 2420 1299 2449; x_wconf 89' lang='lat' dir='ltr'>n.</span> <span class='ocrx_word' id='word_1_199' title='bbox 1331 2403 1376 2447; x_wconf 92' lang='lat' dir='ltr'>in</span> <span class='ocrx_word' id='word_1_200' title='bbox 1406 2403 1463 2447; x_wconf 90' lang='lat' dir='ltr'>iis</span> <span class='ocrx_word' id='word_1_201' title='bbox 1484 2402 1633 2460; x_wconf 84' lang='lat' dir='ltr'>regio-</span> 
     </span>
    </p>
   </div>
   <div class='ocr_carea' id='block_1_5' title="bbox 155 2531 1632 2860">
    <p class='ocr_par' dir='ltr' id='par_1_5' title="bbox 241 2531 655 2576">
     <span class='ocr_line' id='line_1_29' title="bbox 241 2531 655 2576; baseline 0.002 -12"><span class='ocrx_word' id='word_1_202' title='bbox 241 2531 275 2570; x_wconf 83' lang='lat'>1)</span> <span class='ocrx_word' id='word_1_203' title='bbox 298 2533 340 2564; x_wconf 82' lang='grc' dir='ltr'>Η.</span> <span class='ocrx_word' id='word_1_204' title='bbox 365 2533 409 2565; x_wconf 80' lang='grc' dir='ltr'>Ν.</span> <span class='ocrx_word' id='word_1_205' title='bbox 434 2534 570 2576; x_wconf 85' lang='lat' dir='ltr'>xvm,</span> <span class='ocrx_word' id='word_1_206' title='bbox 594 2533 655 2566; x_wconf 87' lang='lat'>44.</span> 
     </span>
    </p>

    <p class='ocr_par' dir='ltr' id='par_1_6' title="bbox 242 2586 1007 2630">
     <span class='ocr_line' id='line_1_30' title="bbox 242 2586 1007 2630; baseline 0.003 -10"><span class='ocrx_word' id='word_1_207' title='bbox 242 2586 276 2625; x_wconf 82' lang='lat'>²]</span> <span class='ocrx_word' id='word_1_208' title='bbox 301 2589 381 2620; x_wconf 72' lang='lat' dir='ltr'>vid.</span> <span class='ocrx_word' id='word_1_209' title='bbox 408 2591 517 2622; x_wconf 84' lang='lat' dir='ltr'>etiam</span> <span class='ocrx_word' id='word_1_210' title='bbox 539 2590 737 2623; x_wconf 82' lang='lat' dir='ltr'>Radlofium</span> <span class='ocrx_word' id='word_1_211' title='bbox 761 2590 784 2622; x_wconf 91' lang='lat' dir='ltr'>l.</span> <span class='ocrx_word' id='word_1_212' title='bbox 812 2598 843 2622; x_wconf 87' lang='lat' dir='ltr'>c.</span> <span class='ocrx_word' id='word_1_213' title='bbox 867 2599 901 2630; x_wconf 86' lang='lat' dir='ltr'>p.</span> <span class='ocrx_word' id='word_1_214' title='bbox 926 2590 1007 2622; x_wconf 84' lang='lat'><strong>135.</strong></span> 
     </span>
    </p>

    <p class='ocr_par' dir='ltr' id='par_1_7' title="bbox 244 2642 1038 2681">
     <span class='ocr_line' id='line_1_31' title="bbox 244 2642 1038 2681; baseline 0.001 -3"><span class='ocrx_word' id='word_1_215' title='bbox 244 2642 279 2681; x_wconf 84' lang='lat'>3)</span> <span class='ocrx_word' id='word_1_216' title='bbox 304 2646 380 2678; x_wconf 83' lang='lat' dir='ltr'>Lib.</span> <span class='ocrx_word' id='word_1_217' title='bbox 405 2646 433 2677; x_wconf 93' lang='grc' dir='ltr'>Ι.</span> <span class='ocrx_word' id='word_1_218' title='bbox 459 2646 503 2677; x_wconf 88' lang='lat' dir='ltr'>de</span> <span class='ocrx_word' id='word_1_219' title='bbox 528 2646 778 2679; x_wconf 85' lang='lat' dir='ltr'>alimentorum</span> <span class='ocrx_word' id='word_1_220' title='bbox 801 2647 1038 2679; x_wconf 74' lang='lat' dir='ltr'>facultatibus.</span> 
     </span>
    </p>

    <p class='ocr_par' dir='ltr' id='par_1_8' title="bbox 244 2698 1074 2745">
     <span class='ocr_line' id='line_1_32' title="bbox 244 2698 1074 2745; baseline 0.002 -11"><span class='ocrx_word' id='word_1_221' title='bbox 244 2698 278 2739; x_wconf 88' lang='lat'>4)</span> <span class='ocrx_word' id='word_1_222' title='bbox 303 2701 356 2734; x_wconf 86' lang='lat' dir='ltr'>Cf.</span> <span class='ocrx_word' id='word_1_223' title='bbox 383 2703 529 2735; x_wconf 82' lang='lat' dir='ltr'>Brunkii</span> <span class='ocrx_word' id='word_1_224' title='bbox 553 2703 705 2735; x_wconf 79' lang='lat' dir='ltr'>analect.</span> <span class='ocrx_word' id='word_1_225' title='bbox 733 2704 834 2737; x_wconf 81' lang='lat' dir='ltr'>&#39;r0m.</span> <span class='ocrx_word' id='word_1_226' title='bbox 861 2704 904 2736; x_wconf 90' lang='lat'>11.</span> <span class='ocrx_word' id='word_1_227' title='bbox 930 2714 963 2745; x_wconf 88' lang='lat' dir='ltr'>p.</span> <span class='ocrx_word' id='word_1_228' title='bbox 989 2704 1074 2738; x_wconf 83' lang='lat'>403.</span> 
     </span>
    </p>

    <p class='ocr_par' dir='ltr' id='par_1_9' title="bbox 155 2755 1632 2860">
     <span class='ocr_line' id='line_1_33' title="bbox 244 2755 1632 2803; baseline 0.002 -14"><span class='ocrx_word' id='word_1_229' title='bbox 244 2755 280 2795; x_wconf 82' lang='lat'>5)</span> <span class='ocrx_word' id='word_1_230' title='bbox 304 2758 357 2789; x_wconf 85' lang='lat' dir='ltr'>Cf.</span> <span class='ocrx_word' id='word_1_231' title='bbox 382 2758 431 2792; x_wconf 64' lang='lat'>513.</span> <span class='ocrx_word' id='word_1_232' title='bbox 455 2767 488 2792; x_wconf 75' lang='grc' dir='ltr'>υ.</span> <span class='ocrx_word' id='word_1_233' title='bbox 512 2759 711 2798; x_wconf 63' lang='grc' dir='ltr'>Θῐετῐεη,</span> <span class='ocrx_word' id='word_1_234' title='bbox 734 2758 886 2801; x_wconf 47' lang='lat' dir='ltr'>§musta</span> <span class='ocrx_word' id='word_1_235' title='bbox 926 2758 1082 2795; x_wconf 60' lang='lat' dir='ltr'>&amp;emetbe</span> <span class='ocrx_word' id='word_1_236' title='bbox 1105 2758 1171 2795; x_wconf 77' lang='lat' dir='ltr'>unb</span> <span class='ocrx_word' id='word_1_237' title='bbox 1194 2755 1554 2803; x_wconf 48' lang='lat' dir='ltr'>Qanbmetfegesssidyte</span> <span class='ocrx_word' id='word_1_238' title='bbox 1577 2758 1632 2792; x_wconf 73' lang='lat' dir='ltr'>bet</span> 
     </span>
     <span class='ocr_line' id='line_1_34' title="bbox 155 2813 991 2860; baseline 0.004 -13"><span class='ocrx_word' id='word_1_239' title='bbox 155 2813 256 2856; x_wconf 64' lang='lat' dir='ltr'>{reien</span> <span class='ocrx_word' id='word_1_240' title='bbox 281 2813 390 2850; x_wconf 60' lang='lat' dir='ltr'>&amp;abt</span> <span class='ocrx_word' id='word_1_241' title='bbox 414 2814 606 2860; x_wconf 58' lang='lat' dir='ltr'>Xugssbutg.</span> <span class='ocrx_word' id='word_1_242' title='bbox 653 2817 754 2849; x_wconf 71' lang='lat' dir='ltr'>Toni.</span> <span class='ocrx_word' id='word_1_243' title='bbox 781 2817 824 2850; x_wconf 88' lang='lat'>11.</span> <span class='ocrx_word' id='word_1_244' title='bbox 850 2818 885 2859; x_wconf 77' lang='lat' dir='ltr'>S.</span> <span class='ocrx_word' id='word_1_245' title='bbox 911 2817 991 2850; x_wconf 76' lang='grc'><strong>132.</strong></span> 
     </span>
    </p>
   </div>
  </div>
 </body>
</html>
