1781 3217
754 105 1059 155 ....6.....

155 242 283 285 vern’
306 247 355 282 uc
367 239 500 294 fone,
528 244 580 279 m
605 245 803 292 campm,
830 240 885 275 ut
908 230 1301 292 nemusplacm'tf‘
1383 228 1565 279 Quanta
1581 234 1628 274 et

157 334 289 379 quam
321 318 480 363 crebra
508 316 622 359 haec
653 325 909 369 camporum
941 311 1092 368 spatia
1121 310 1303 368 fuerint,
1335 308 1530 353 maxime
1551 309 1617 353 in-

157 399 396 455 telligitur,
442 395 481 438 si
526 393 840 448 recordamur,
887 389 1216 433 Germanorum
1256 395 1435 447 gentem
1472 388 1616 432 fuisse

157 492 470 539 permagnam,
509 476 566 519 ad
607 486 795 532 eamque
831 469 1114 515 nutriendam
1154 469 1345 514 multam
1370 470 1617 528 agricultu-

156 572 252 603 ram
282 557 424 601 fuisse
454 553 774 600 necessariam.
834 550 975 594 Solin.
1007 565 1049 594 c.
1082 548 1190 594 20st
1223 549 1429 608 „Dives,
1459 550 1619 609 inquit,

156 639 365 683 virorum
406 644 563 690 terra,
597 636 836 692 frequens
866 631 1051 692 populeis
1087 633 1341 674 numerosis
1379 639 1426 673 et
1458 633 1617 675 imma-

159 716 393 773 nz‘bu21).“

828 815 875 875 ᾗ.
907 810 956 858 3.

695 917 792 965 DE
838 916 1075 974 AQUIS.

269 1034 474 1079 Alterum
512 1035 748 1092 probrum,
786 1034 904 1093 quod
934 1049 963 1077 a
992 1031 1210 1077 Romanis
1250 1031 1294 1075 in
1327 1032 1619 1076 Germaniam

145 1115 374 1172 jactatur,
420 1130 449 1159 a
494 1114 729 1160 fluviorum
773 1114 1073 1172 paludumque
1113 1112 1398 1157 multitudine
1436 1113 1619 1171 petitur.

158 1195 366 1251 Priores,
397 1210 528 1253 quum
558 1210 771 1238 numerus
802 1194 913 1238 idem
942 1193 1183 1250 manserit,
1224 1193 1289 1235 ita
1317 1198 1491 1237 tantum
1521 1209 1616 1237 mu-

155 1274 241 1318 tati
270 1289 373 1318 csse
403 1290 619 1334 usumque
658 1275 757 1331 agri
795 1275 940 1319 minus
979 1273 1197 1331 impedire
1235 1278 1448 1331 possunt,
1485 1288 1618 1332 quam

158 1354 276 1398 alvei
310 1368 464 1398 eorum
493 1355 638 1410 magis
670 1359 958 1410 coercentur,
999 1360 1045 1396 et
1074 1354 1228 1396 littora
1256 1354 1464 1410 pontibus
1493 1353 1619 1397 navi-

155 1433 333 1492 giisque
362 1432 542 1477 facilius
572 1440 706 1493 atque
738 1433 941 1479 crebrius
971 1433 1087 1477 inter
1118 1433 1446 1490 sejunguntur.
1505 1432 1617 1478 Per-

155 1513 319 1558 multas
348 1527 456 1557 vero
485 1513 675 1570 paludes
706 1514 902 1558 siccatas
933 1526 1059 1570 esse,
1099 1512 1143 1556 in
1167 1511 1503 1557 'dubitationem
1539 1528 1618 1558 vo-

158 1593 253 1637 cari
281 1592 449 1651 nequit.
505 1592 569 1638 At
599 1593 824 1639 enimvero
855 1591 1142 1649 crediderim,
1173 1592 1291 1636 hanc
1311 1607 1406 1637 rem
1424 1598 1519 1638 tum
1540 1593 1616 1638 de·

158 1672 612 1728 mumincrebruisse,
643 1687 775 1729 quum
798 1674 894 1726 jam
924 1671 1064 1714 silvas
1094 1686 1180 1713 non
1212 1673 1269 1714 ad
1300 1673 1518 1731 cujusque
1547 1688 1619 1715 ar-

157 1751 338 1795 bitrium
377 1749 511 1796 evelli
548 1750 729 1803 liceret3
772 1747 859 1793 hoc
897 1749 1014 1793 enim
1052 1749 1278 1806 negotium
1315 1764 1403 1793 non
1442 1755 1614 1795 tantum

158 1829 293 1887 lignis
324 1830 425 1874 inde
456 1830 602 1887 captis
631 1831 841 1873 mercede
879 1833 1086 1887 ornatur,
1126 1831 1207 1874 sed
1245 1828 1387 1873 solum
1426 1830 1618 1889 plerum-

161 1924 245 1968 que
276 1910 411 1953 etiam
450 1910 658 1954 continuo
696 1924 855 1967 agrum
894 1909 1151 1967 suppeditat
1190 1909 1486 1955 fructuosum.
1544 1912 1620 1956 Ad

158 1989 348 2046 paludes
378 1995 525 2034 autem
558 1990 794 2034 siccandas
823 2004 910 2033 non
947 2005 1050 2033 raro
1091 1995 1308 2034 accurata
1345 1991 1618 2045 hydrostati-

159 2083 241 2112 cae
280 2069 470 2113 scientia
508 2084 619 2126 opus
658 2075 742 2113 est.
819 2069 1038 2126 Accedit,
1086 2072 1203 2128 quod
1242 2071 1370 2129 aquis
1408 2073 1616 2116 deductis

160 2151 285 2189 terra
321 2147 534 2203 palustris
574 2161 711 2204 saepe
752 2163 832 2205 per
870 2148 1052 2206 longum
1083 2154 1260 2206 tempus
1290 2165 1448 2195 amara
1476 2156 1522 2196 et
1550 2151 1615 2195 in-

160 2226 383 2285 foecunda
410 2232 574 2270 manet.
633 2227 762 2276 Quod
794 2228 1044 2272 hominibus
1075 2230 1188 2272 satis
1218 2230 1305 2273 fuit
1334 2246 1527 2288 causae,
1566 2237 1617 2275 ut

159 2305 372 2361 paludum
404 2305 689 2350 siccationem
721 2313 813 2359 tam
845 2308 919 2350 diu
949 2309 1222 2366 rejicerent,
1261 2325 1394 2368 quam
1425 2311 1498 2355 vel
1527 2311 1618 2356 alia

159 2386 306 2429 adhuc
335 2391 459 2428 terra
487 2387 545 2428 ad
574 2386 807 2430 colendum
839 2387 1136 2446 reperiretur,
1175 2389 1250 2434 vel
1289 2389 1392 2433 aliis
1422 2391 1478 2435 de
1509 2406 1613 2436 cau-

159 2465 222 2509 sis
253 2464 331 2507 illa
359 2480 445 2507 non
475 2465 792 2521 postularetur.
850 2468 1022 2513 Verum
1051 2483 1169 2512 nunc
1200 2468 1334 2512 etiam
1353 2469 1520 2513 multae
1539 2486 1614 2515 ea-

160 2557 257 2588 rum
286 2544 512 2602 paludum,
542 2560 653 2604 quas
673 2546 837 2592 Strabo
868 2550 912 2593 in
942 2548 1252 2606 Menapiorum
1265 2550 1303 2607 2)
1331 2554 1457 2594 terra
1487 2551 1613 2596 etin-

253 2692 285 2730 1)
307 2695 360 2725 De
389 2703 537 2728 numero
567 2696 781 2738 singularum
804 2701 983 2734 nationum
1006 2700 1077 2732 vid.
1102 2697 1242 2741 §Battb
1265 2697 1490 2746 ῧεαῆώῑαηδέ
1512 2706 1613 2748 utg'e:

159 2744 327 2794 gtstbidm.
368 2751 466 2784 Tom.
490 2751 532 2784 11.
556 2761 637 2794 pag.
660 2754 741 2788 298.
767 2764 840 2797 seq.

253 2803 287 2842 ²)
309 2806 433 2837 Strabo
456 2808 522 2849 lv,
545 2811 577 2839 3.
603 2810 637 2847 S.
662 2810 698 2841 4.
746 2811 799 2842 Cf.
827 2811 931 2843 Caes.
955 2813 991 2842 B.
1018 2812 1060 2843 G.
1087 2813 1152 2852 Vl,
1173 2815 1207 2844 5.

1748 2638 1781 2686 1
