1781 3217
729 85 1038 134 *8-

155 215 461 273 anquirendae
490 216 595 257 sunt
625 208 967 266 descriptiones.
1028 208 1158 260 Quae
1174 208 1352 269 quidem
1369 206 1617 251 non'modo

152 294 415 339 rarissimae
450 297 576 349 sunt,
615 291 697 334 sed
733 288 1000 347 saepissime
1040 290 1202 347 etiam,
1239 289 1279 333 si
1316 286 1618 344 inveniuntur,

151 374 228 422 vel
269 374 488 418 obscurae
518 374 644 427 sunt,
684 369 758 414 vel
788 367 874 411 sibi
902 373 1227 424 repugnantes.
1286 368 1415 419 Quae
1446 366 1615 411 indicia

152 456 285 509 hujus
320 452 501 509 generis
540 452 586 494 in
623 455 827 496 veterum
867 447 1049 504 scriptis
1088 448 1379 505 reperiantur
1418 456 1464 493 et
1500 464 1615 508 quae

152 533 487 589 desiderentur,
533 532 620 575 hoo
667 530 767 575 loco
814 528 1155 586 explicabimus.
1232 527 1359 571 Unus
1399 528 1617 572 Claudius

149 611 438 657 Ptolemaeus
457 612 497 668 1)
536 609 727 654 omnium
767 623 1031 665 causarum,
1072 622 1097 651 e
1128 607 1289 667 quibus
1321 607 1437 651 coeli
1467 613 1615 653 status

151 693 343 747 alicujus
381 697 534 734 terrae
573 692 759 746 pendet,
797 689 988 745 primam
1019 693 1234 731 accurate
1264 687 1482 743 respexit.
1524 689 1613 731 -Ab

153 785 207 815 eo
230 773 325 826 jam
356 770 459 814 loca
489 771 733 815 secundum
763 768 1057 826 longitudinis
1088 773 1135 814 et
1161 768 1413 813 latitudinis
1443 769 1615 825 gradus

148 850 411 908 plerumque
440 849 693 893 rectissime
724 849 1009 892 definiuntur.
1077 847 1329 891 Praeterea
1368 847 1616 891 Germania

149 931 206 974 ab
238 944 291 973 eo
321 931 365 973 in
396 930 588 989 quinque
620 929 801 973 climata
831 927 1068 985 dividitur,
1099 943 1188 971 non
1219 928 1386 971 additis
1417 929 1612 987 quidem,

149 1011 266 1069 quod
294 1009 426 1054 valde
456 1009 696 1053 dolendum
727 1013 812 1065 est,
843 1009 974 1065 hujus
1006 1006 1239 1051 divisionis
1271 1007 1438 1063 causis,
1470 1007 1534 1051 ita
1562 1012 1613 1051 ut

148 1088 246 1132 sola
274 1088 461 1132 altitudo
492 1088 582 1145 poli
611 1090 819 1135 videatur
838 1088 979 1132 fuisse
997 1102 1179 1141 norma3
1210 1087 1463 1143 plantarum
1492 1087 1611 1130 enim

147 1167 221 1212 vel
259 1167 540 1225 animalium,
588 1183 704 1228 quae
743 1167 935 1224 singulis
976 1166 1091 1212 coeli
1129 1165 1390 1223 regionibus
1426 1166 1612 1224 propria

149 1263 253 1292 esse
283 1247 456 1304 solent,
485 1248 610 1292 nulla
639 1249 832 1292 habetur
859 1247 991 1290 ratio.
1050 1246 1219 1290 Multas
1250 1246 1366 1290 alias
1394 1247 1610 1297 rationes,

149 1340 174 1371 e
214 1326 374 1387 quibus
414 1325 578 1371 caloris
615 1325 856 1385 frigorisve
892 1325 1083 1382 alicujus
1120 1324 1210 1370 loci
1248 1326 1406 1370 modus
1444 1340 1611 1384 magna

150 1421 206 1449 ex
236 1412 365 1460 parte
395 1407 583 1462 pendet,
613 1412 687 1461 ut,
726 1412 939 1463 quantum
969 1407 1009 1448 is
1038 1407 1177 1449 maris
1208 1421 1378 1463 aequor
1408 1412 1607 1462 superet,

147 1488 294 1528 utrum
325 1488 555 1529 montosus
584 1498 642 1529 an
673 1484 833 1543 planus
864 1484 946 1542 sit,
983 1499 1087 1529 num
1118 1483 1315 1530 ‚declivis
1348 1484 1429 1542 sit,
1457 1490 1514 1544 ,et
1551 1486 1610 1530 ad

148 1578 278 1621 quam
297 1566 542 1619 regionem,
572 1579 675 1606 num
706 1578 893 1620 magnas
924 1579 1065 1624 aquas
1097 1565 1294 1608 silvasve
1324 1565 1497 1608 vicinas
1528 1566 1610 1607 ha-

148 1641 279 1694 beat,
309 1644 425 1703 quod
457 1658 600 1700 genus
628 1648 779 1688 terrae
810 1644 855 1688 in
885 1659 938 1688 eo
968 1644 1254 1701 praevaleat,
1284 1649 1466 1689 veteres
1497 1644 1608 1690 scri-

144 1726 299 1778 ptores
329 1722 374 1763 in
405 1721 663 1765 Germanici
695 1722 810 1765 coeli
841 1722 1201 1766 consideratione
1230 1737 1393 1780 parum·
1417 1737 1608 1782 perpen-

147 1803 268 1845 dunt.
326 1801 418 1846 Sed
448 1807 610 1846 natura
639 1803 796 1845 harum
827 1802 1127 1846 conditionum
1151 1817 1394 1861 earumque
1416 1805 1604 1848 effectus

146 1883 304 1926 eadem
342 1881 529 1938 mansit3
575 1886 890 1940 praeterquam
922 1882 1039 1941 quod
1068 1884 1288 1940 quaedam
1317 1882 1506 1941 paludes
1537 1888 1605 1928 at-

145 1977 231 2018 que
247 1962 403 2019 silvae,
434 1976 549 2020 quae
578 1962 731 2020 utique
762 1962 893 2016 hujus
923 1962 1100 2007 illiusve
1129 1964 1219 2017 loci
1249 1965 1399 2007 aetem
1429 1971 1605 2009 mutare

144 2046 408 2099 potuerunt,
454 2041 660 2085 sublatae
701 2046 818 2086 sunt.
892 2041 1049 2101 Neque
1088 2044 1257 2088 certius
1295 2061 1321 2090 e
1362 2046 1602 2104 descriptis

142 2125 294 2164 terrae
322 2121 544 2165 fructibus
574 2122 763 2165 sumitur
800 2123 1129 2180 testimonium,
1169 2139 1255 2182 quo
1295 2124 1487 2184 liqueat,
1526 2125 1605 2168 fri-

142 2200 291 2257 gidius
337 2202 508 2246 coelum
554 2202 711 2246 fuisse.
787 2203 979 2248 Plantae
1018 2204 1157 2261 enim,
1204 2220 1320 2263 quae
1356 2204 1602 2261 frigidioris

143 2281 260 2324 coeli
294 2282 492 2339 regionis
530 2287 655 2339 sunt,
695 2297 825 2340 quam
865 2283 1161 2340 Germaniae,
1207 2284 1468 2341 neutiquam
1505 2285 1603 2329 lau-

144 2363 327 2414 dantur3
356 2376 500 2419 neque
530 2362 641 2405 satis
672 2364 1023 2406 demonstratum
1053 2369 1139 2419 est,
1170 2379 1265 2419 eas,
1297 2378 1411 2421 quae
1441 2370 1603 2421 postea

142 2453 170 2479 e
200 2439 489 2482 calidioribus
518 2441 652 2483 terris
681 2441 726 2483 in
756 2445 935 2483 nostras
965 2442 1215 2485 translatae
1246 2442 1351 2497 sint,
1373 2444 1467 2497 jam
1490 2448 1601 2500 tum,

145 2518 183 2559 si
222 2520 331 2561 satis
370 2519 613 2575 diligenter
652 2526 838 2565 curatae
877 2526 1053 2576 essent,
1098 2536 1185 2563 non
1235 2527 1282 2564 et
1317 2522 1440 2578 ipsas
1479 2522 1599 2567 laete

143 2602 436 2652 proventuras
478 2597 650 2652 fuisse3
697 2600 745 2643 id
791 2601 910 2659 quod
960 2599 1080 2644 infra
1125 2599 1270 2644 fusius
1314 2601 1599 2647 tractabitur.

144 2675 385 2720 Plurimum
414 2679 626 2724 momenti
657 2682 774 2737 apud
803 2681 968 2725 multos
997 2681 1119 2726 viros
1149 2683 1306 2725 doctos
1346 2681 1391 2724 id
1431 2682 1600 2740 habuit,

236 2780 269 2818 ¹)
292 2780 375 2813 Ber.
401 2790 524 2824 geogr.
548 2784 591 2816 11.
618 2793 647 2818 c.
674 2785 729 2818 11.

1752 539 1781 582 4
