1781 3217
701 91 1042 141 —43—

131 224 259 273 sent,
304 226 581 260 reseverunt
594 250 608 274 ,
662 221 977 261 resarrz'euces
1024 235 1205 277 campos
1240 236 1393 263 meme
1429 220 1615 265 Martio

129 295 395 341 uberrimas
408 313 574 340 messes
591 296 954 355 lefabuemmt‘ss).
1017 301 1174 345 Facile
1204 301 1486 359 intelligitur,
1518 302 1610 345 Pli-

133 377 253 420 nium
287 377 371 420 hoc
402 376 502 421 loco
535 378 653 422 haud
684 396 904 441 quaquam
936 384 991 426 de
1029 381 1233 440 periculo
1272 382 1449 438 dicere,
1492 384 1610 440 quod

137 458 343 500 consulto
382 457 550 502 factum
572 493 586 516 ,
628 464 706 505 sed
747 464 803 505 de
840 478 916 519 re,
958 478 1072 521 quae
1109 463 1296 505 fortuita
1328 463 1610 520 experientia

136 542 369 595 comperta
408 538 487 596 sit,
525 555 726 599 quaeque
767 544 825 586 ad
862 542 1076 599 viridem,
1117 557 1248 601 quam
1278 557 1359 585 nos
1400 542 1607 599 dicimus,

135 620 543 676 stercorationem,
585 636 741 664 ansam
779 623 1054 684 praebuerit.
1123 623 1175 665 ln
1215 623 1290 665 via
1330 629 1376 665 et
1414 624 1605 677 ratione,

135 714 223 758 qua
255 699 369 744 haec
399 700 583 745 inventa
614 707 699 759 est,
728 700 861 760 plane
890 703 1000 746 nihil
1020 701 1287 747 admirabile
1310 703 1454 747 video.
1486 703 1602 746 Num

133 780 249 823 enim
291 786 446 823 nostra
484 787 636 825 aetate
676 782 924 827 inauditum
967 791 1073 840 est,
1121 784 1389 826 frumentum
1444 782 1605 837 hieme,

133 861 402 918 praesertim
448 861 492 904 in
531 867 623 905 tam
665 863 838 920 asperis
875 864 1158 921 regionibuS,
1198 862 1354 922 quales
1392 862 1436 904 in
1480 867 1606 905 terra

135 940 431 984 Trevirorum
463 942 575 999 sint,
606 942 711 999 gelu
740 944 962 987 interdum
995 943 1181 988 confici?
1222 942 1322 985 Hoc
1362 942 1406 1002 in
1448 943 1602 984 decem

137 1036 352 1064 annorum
396 1023 541 1080 spatio
581 1023 773 1080 pluries,
823 1040 952 1081 quam
992 1023 1157 1078 semel,
1206 1022 1416 1065 accidere
1455 1021 1603 1064 solere

135 1101 404 1157 putaverim.
477 1102 594 1146 Num
635 1105 920 1147 statuendum
962 1109 1034 1147 est
1079 1116 1281 1161 quoque,
1332 1101 1600 1144 frumentum

134 1182 426 1238 praegelidae
457 1183 575 1226 illius
606 1184 766 1227 hiemis
795 1185 839 1227 vi
870 1184 1047 1241 ubique,
1078 1182 1151 1226 vel
1181 1182 1260 1236 ita,
1290 1187 1340 1223 ut
1363 1181 1486 1223 nulla
1504 1182 1602 1233 ejus

139 1262 185 1304 in
217 1263 342 1318 agris
373 1263 569 1320 vestigia
600 1263 894 1308 animadverti
933 1267 1138 1320 possent,
1177 1261 1431 1305 confectum
1470 1262 1603 1304 esse?

136 1341 354 1385 Fortasse
385 1342 429 1384 in
461 1343 585 1398 agris
615 1357 703 1385 non
733 1342 820 1384 nisi
848 1342 1056 1399 glabreta
1080 1341 1361 1394 exstiterant,
1391 1339 1507 1381 tanti
1526 1354 1602 1380 au-

136 1427 226 1465 tem
259 1422 468 1478 ambitus,
500 1428 549 1466 ut
580 1438 657 1466 eos
690 1424 834 1466 denuo
867 1428 912 1466 et
941 1421 1127 1465 aestivis
1159 1420 1337 1479 quidem
1367 1418 1602 1461 frumentis

138 1516 404 1557 conserere,
444 1502 597 1545 utilius
635 1503 877 1545 videretur.
946 1501 1120 1544 Plinius
1159 1501 1294 1556 igitur
1332 1498 1440 1541 nihil
1479 1497 1599 1540 aliud

137 1582 223 1625 sibi
262 1581 460 1625 voluisse
503 1581 609 1625 mihi
650 1581 856 1638 videtur,
894 1581 979 1624 nisi
1016 1596 1177 1625 novam
1220 1579 1340 1623 illam
1377 1594 1470 1622 rem
1501 1593 1599 1633 per-

139 1660 353 1704 scribere.

232 1792 263 1829 ι)
289 1793 329 1824 Η.
357 1793 395 1823 N.
425 1791 558 1832 xvm,
583 1790 638 1822 49.
