1781 3217
730 120 1034 167 ...2—

165 259 356 303 horridi
380 267 427 303 et
450 258 601 319 ignoti
622 255 790 310 maris,
829 252 970 311 Asia,
1005 261 1092 299 auc
1123 250 1321 313 Africa,
1360 258 1441 296 aut
1474 252 1623 297 Italia

166 340 353 394 relat-ta,
389 338 692 383 Germaniam
714 342 908 395 peteret,
937 335 1186 389 informem
1213 334 1379 389 camb,
1408 346 1625 389 asperam

167 421 305 475 coelo,
354 419 529 462 tm'stem
566 416 689 459 cultu
727 415 1049 475 adspectuque,
1093 415 1192 458 nisi
1222 417 1271 458 si
1294 415 1459 474 pabm‘a
1494 413 1624 458 n't?“

282 498 391 540 lbid.
415 513 453 540 e.
474 494 546 539 5.:
587 496 790 553 „Terra
819 497 907 539 etsi
931 495 1164 554 aliquanto
1190 497 1343 553 specie
1361 495 1544 554 dqffert,
1573 496 1624 537 in

166 581 427 622 umber-mm
451 586 602 621 tamen
629 585 715 620 aut
737 578 864 621 silvie
890 574 1112 632 horrida,
1142 583 1225 619 aut
1244 575 1497 634 paludibus
1508 576 1620 632 foe-

166 660 252 702 da.-
281 658 513 716 humide‘mj
527 646 628 716 ”qua
659 657 887 702 Noricum
916 670 973 699 ae
1002 655 1300 700 Pannoniam
1330 655 1585 715 adspicicf‘

276 738 436 781 Annal.
467 738 534 793 11,
573 737 677 781 23:
738 737 956 793 „Quanto
983 738 1291 781 truculentior
1319 744 1471 779 cetero
1498 739 1631 780 mari

170 818 397 874 Oceanus,
429 826 473 860 et
498 818 780 861 truculentia
808 819 927 862 coeli
942 826 1156 877 praestat
1189 815 1466 862 Germania.
1477 816 1509 841 “

275 897 372 941 lbid
402 897 471 956 11,
511 896 583 942 5.=
623 898 849 956 „danari
879 897 1142 943 Germanos
1176 897 1326 955 silvie,
1356 895 1622 957 paludibus,

165 979 296 1023 brevi
321 987 490 1022 aestate
518 987 565 1022 et
582 986 893 1038 praematura
921 977 1125 1022 hz'eme.“

198 1041 213 1053 ⁶
278 1058 394 1108 Quid
431 1072 563 1116 vero,
610 1058 895 1118 quaerimus,
939 1058 1010 1100 his
1052 1058 1186 1102 dietis
1222 1056 1404 1116 probari
1443 1061 1622 1115 potest?

162 1120 371 1182 Num'iis
406 1139 496 1183 vim
534 1139 774 1195 frigorum,
819 1139 1173 1195 magnitudinem
1218 1144 1265 1181 et
1311 1137 1625 1181 assiduitatem

163 1216 367 1261 imbrium
399 1217 669 1262 ambitumve
700 1218 913 1263 silvarum
946 1233 1001 1262 ae
1030 1216 1267 1277 paludum,
1298 1231 1413 1276 quae
1445 1216 1549 1260 olim
1579 1216 1625 1260 iu

167 1298 410 1341 Germania
440 1298 631 1355 fuerint,
671 1300 844 1355 metiri,
885 1304 931 1342 et
961 1314 1061 1342 eum
1092 1298 1185 1353 his,
1224 1303 1451 1356 tamquam
1486 1298 1625 1354 veris,

164 1383 448 1435 praesentem
480 1377 656 1422 illarum
686 1394 837 1423 rerum
868 1383 1035 1423 statum
1066 1393 1334 1436 comparare
1360 1381 1624 1437 possumus!

165 1456 299 1500 Nullo
329 1464 478 1516 paeto.
535 1458 631 1503 Eae
663 1464 835 1502 tantum
866 1458 1151 1502 narrationes
1182 1458 1225 1501 in
1257 1457 1343 1502 hae
1373 1473 1514 1501 eausa
1544 1457 1624 1501 ali-

166 1537 270 1594 quid
301 1536 511 1582 momenti
542 1538 709 1582 habere
738 1544 949 1595 possunt,
980 1538 1025 1580 in
1055 1538 1215 1596 quibus
1246 1543 1339 1581 tum
1368 1539 1463 1594 vis,
1494 1553 1626 1596 quam

168 1616 407 1661 universae
439 1622 485 1661 et
512 1617 767 1676 peculiares
797 1617 881 1661 soli
912 1618 955 1660 in
994 1617 1145 1676 aliqua
1180 1622 1307 1661 terra
1345 1617 1626 1662 conditiones

171 1698 228 1740 ad
259 1698 373 1741 coeli
405 1699 502 1751 ejus
532 1702 738 1740 naturam
769 1697 959 1752 habent,
988 1697 1247 1753 respicitur,
1277 1702 1372 1740 tum
1401 1697 1518 1741 tales
1548 1712 1626 1740 res

170 1781 305 1834 atque
337 1782 526 1820 eventus
557 1780 977 1831 commemorantur,
1010 1790 1034 1819 e
1064 1768 1239 1833 quibus,
1271 1781 1481 1835 quantam
1512 1776 1627 1820 coeli

171 1851 461 1912 asperitatem
491 1868 568 1897 res
598 1860 788 1898 naturae
819 1855 1042 1898 animatae
1060 1860 1106 1897 et
1120 1855 1392 1899 inanimatae
1412 1861 1627 1913 expertae

171 1933 362 1991 fuerint,
400 1934 588 1991 intelligi
625 1939 787 1991 potest.
847 1934 932 1976 His
963 1949 1070 1977 vero
1100 1934 1303 1992 iudiciis,
1341 1937 1456 1993 quod
1493 1935 1627 1981 valde

174 2013 408 2057 dolendum
439 2020 531 2065 est,
562 2015 732 2072 antiqui
762 2014 1008 2072 scriptores
1039 2015 1277 2059 admodum
1308 2021 1467 2073 egent3
1498 2016 1628 2060 deest

172 2094 288 2137 enim
327 2109 481 2138 eorum
518 2095 850 2137 narrationibus
896 2110 952 2137 ea
996 2095 1231 2152 diligentia
1277 2102 1323 2141 et
1361 2095 1627 2152 auotoritas,

173 2188 287 2230 quae
331 2174 591 2218 necessaria
638 2179 731 2230 est,
776 2179 825 2217 ut
864 2174 966 2218 inde
1005 2190 1213 2234 asperum
1253 2177 1373 2220 illius
1410 2175 1628 2232 temporis

175 2252 348 2298 eoelum
379 2253 590 2309 cognosci
621 2258 743 2296 certe
774 2259 924 2311 queat.
982 2254 1219 2299 Ludenius
1246 2257 1283 2312 1)
1320 2255 1471 2312 itaque
1501 2260 1626 2299 recte

166 2332 376 2386 judicare
414 2333 519 2375 mihi
555 2334 754 2390 videtur,
795 2334 916 2376 dieta
956 2334 1034 2377 illa
1072 2339 1198 2376 ratus
1228 2348 1315 2375 non
1346 2334 1431 2376 nisi
1463 2335 1628 2377 effecta

174 2428 276 2456 esse
305 2427 387 2470 per
418 2412 641 2457 diversum
673 2429 879 2465 sensum,
909 2429 1038 2470 quem
1059 2409 1288 2470 Romani,
1325 2413 1485 2457 ltaliae
1518 2415 1627 2458 alia-

174 2505 359 2550 rumque
399 2496 619 2535 terrarum
659 2493 799 2535 calori
837 2493 1034 2549 assueti,
1073 2493 1117 2535 iu
1157 2494 1427 2550 Germania,
1466 2498 1630 2538 natura

176 2571 310 2613 multo
349 2571 591 2627 asperiori,
629 2571 888 2615 necessario
928 2572 1164 2627 percipere
1205 2572 1487 2625 debuissent3
1527 2587 1629 2615 eam

178 2654 325 2693 autem
356 2649 626 2695 Germaniae
664 2658 860 2708 partem,
900 2651 976 2695 ubi
1006 2650 1228 2695 acerrima
1255 2649 1472 2694 Romanis
1503 2650 1629 2695 dimi-

269 2821 302 2858 1)
326 2822 379 2854 cf.
386 2821 771 2913 eubetlxlessesdytdyte
747 2826 801 2859 bes
825 2820 975 2868 teutfctnn
999 2821 1131 2860 mortes
1152 2823 1233 2855 v01
1251 2823 1279 2855 ι.
1302 2823 1362 2856 ub.
1383 2825 1442 2856 111
1469 2833 1499 2856 c.
1517 2825 1551 2856 2.

296 2886 311 2905 >
338 2886 392 2925 7
544 2889 585 2908 e
784 2892 852 2912 ν,-ι,
877 2890 926 2918 s,
