1781 3217
716 104 1060 155 ..Μ-,-

152 242 302 298 queat.
373 236 646 291 Praeterea,
691 235 744 277 ut
780 225 937 275 Taciti
984 230 1118 277 fidem
1162 229 1500 288 addubitarem,
1548 245 1620 275 me

150 319 327 363 Plinius
358 316 630 371 commovit,
676 313 750 371 qui
789 312 875 368 (H.
907 313 963 356 N.
996 312 1120 369 XV,
1156 313 1267 368 30.)
1306 313 1432 356 haec·
1459 311 1620 357 habet:

152 400 257 458 „In
283 400 404 457 risu}
431 395 596 440 lehem·
616 394 784 437 ter-tim
811 394 872 436 iis
907 391 1139 448 (cerasis)
1180 393 1305 437 color
1342 409 1369 436 e
1395 395 1540 454 nigro
1568 408 1625 436 ac

153 478 343 524 rubenti
363 476 614 534 viridique,
644 474 809 517 similis
834 471 1248 516 maturescentibus
1261 474 1492 531 semper-‘H
1538 472 1623 518 Ge-

152 573 261 602 rasa
290 557 430 614 igitur
460 558 518 600 ad
548 555 755 600 Rhenum
786 552 1113 610 gignebantur3
1157 567 1304 598 nonne
1333 569 1443 598 vero
1475 554 1623 599 cerasi

152 638 289 682 etiam
322 636 373 679 in
409 651 642 681 numerum
677 632 998 691 frugiferarum
1038 634 1247 678 arborum
1293 634 1624 679 adscribendae

154 720 286 762 sunt?
316 716 442 760 Idem
473 716 669 772 scriptor
698 714 893 771 plurium
924 715 1074 760 adhuc
1103 728 1338 772 pomorum
1367 714 1412 758 in
1442 715 1622 773 Belgia,

152 804 204 843 ut
233 796 381 843 cerasi
411 795 679 840 Lusitaniae
692 799 750 853 1),
781 794 887 838 mali
918 794 1275 853 Spadonicae2),
1307 799 1354 840 et
1376 794 1622 854 Platani-³),

154 893 213 921 ex
240 878 357 922 Asia
386 879 445 921 ad
474 876 675 920 Morinos
705 875 901 919 maxime
941 876 1229 933 aquilonares
1266 880 1623 934 transportatae,

152 958 424 1003 mentionem
451 957 577 1002 fecit.
636 955 800 1013 Belgia
838 961 991 1001 autem
1030 971 1059 999 a
1096 956 1323 1001 Strabone
1357 957 1625 1016 paludosa4)

154 1055 239 1083 nec
277 1039 447 1095 minus,
486 1052 618 1096 quam
650 1036 923 1095 Germania,
964 1036 1092 1082 silvis
1122 1036 1307 1080 horrida
1333 1042 1515 1097 tamque
1545 1053 1623 1083 ne-

153 1118 316 1162 bulosa
345 1118 625 1176 depingitur,
655 1123 708 1162 ut
737 1118 921 1162 circiter
950 1117 1186 1161 meridiem
1214 1122 1388 1161 tantum
1419 1117 1488 1161 sol
1518 1133 1623 1162 con-

156 1199 271 1258 spici
308 1199 453 1258 possit
472 1202 525 1257 5).
583 1198 721 1256 Apud
750 1197 919 1244 Melam
938 1201 978 1256 ⁶)
1012 1199 1068 1243 de
1098 1197 1441 1256 septentrionali
1471 1198 1624 1244 Gallia

153 1281 271 1324 haec
298 1280 534 1336 leguntur:
574 1312 605 1335 ,‚
622 1279 786 1323 Terra
815 1287 884 1322 est
893 1280 1141 1335 frumeom‘
1162 1281 1422 1338 praecipue
1460 1287 1508 1323 ec
1535 1295 1623 1338 pa-

155 1360 432 1416 buliferax
459 1367 506 1403 et
531 1373 723 1404 amoena
748 1359 865 1402 lucis
892 1357 1192 1414 immanibm;
1221 1361 1439 1419 quicquid
1463 1374 1526 1405 ex
1552 1376 1626 1404 sa-

151 1443 215 1483 tie
226 1441 453 1500 fragoris
477 1441 724 1496 impatiens
752 1445 821 1482 est
846 1453 970 1499 ager
997 1452 1083 1482 neo
1108 1438 1276 1499 ubz’que
1304 1440 1437 1484 alffl‘.
1495 1439 1625 1489 Quae

157 1536 258 1565 eum
288 1520 353 1565 ita
383 1520 496 1577 sint,
536 1520 754 1579 quomodo
783 1518 883 1563 fieri
911 1519 1132 1577 potuerit,
1172 1524 1223 1564 ut
1252 1519 1498 1564 Germania
1535 1536 1624 1564 non

158 1602 340 1644 easdem
371 1600 514 1644 ferret
541 1599 737 1657 plantas,
767 1615 880 1657 quas
910 1600 1041 1657 haec,
1070 1604 1236 1644 natura
1264 1600 1442 1659 situque
1462 1600 1504 1645 ei
1524 1600 1623 1646 fere

158 1679 396 1738 aequalis,
434 1677 582 1722 terra!
624 1678 784 1735 ltaque
815 1678 938 1721 Galli
984 1679 1117 1721 istius
1145 1679 1336 1722 Moreau
1367 1681 1422 1723 de
1450 1680 1625 1723 Jonnes

160 1759 438 1815 sententias,
476 1762 633 1815 utpote
671 1772 788 1816 quae
828 1757 1103 1812 conjecturis
1141 1772 1230 1801 non
1267 1758 1381 1802 satis
1412 1748 1623 1804 stabilitis

156 1839 381 1895 nitantur,
411 1837 641 1895 repudiari
672 1837 839 1881 debere
869 1837 1079 1881 arbitror.

271 1918 494 1976 Superest
531 1917 680 1962 adhuc
716 1915 845 1961 locus
883 1917 1019 1961 Plinii
1057 1917 1141 1975 (H.
1173 1917 1229 1962 N.
1267 1918 1451 1976 XVIII,
1490 1916 1624 1978 49.),

156 1998 234 2043 ubi
262 1998 665 2042 luculentissimum
698 1998 935 2042 exhibetur
962 1998 1286 2055 testimoninm,
1319 2000 1436 2043 unde
1467 1999 1624 2043 claris-

156 2078 269 2123 sime
308 2077 480 2135 elucet,
528 2079 697 2124 veteris
737 2078 1010 2122 Germaniae
1050 2078 1195 2135 frigus
1233 2079 1353 2122 haud
1401 2094 1625 2137 quaquam

156 2163 251 2202 tam
289 2158 568 2215 vehemenS,
609 2173 740 2216 quam
778 2158 915 2215 vulgo
954 2160 1198 2216 credatur,
1237 2158 1396 2201 fuisse.
1471 2159 1625 2216 Atque

155 2238 278 2282 haud
318 2238 446 2295 scio,
485 2253 542 2282 an
579 2237 697 2282 ullus
735 2241 853 2296 apud
892 2244 1074 2283 veteres
1116 2243 1330 2282 auctores
1369 2239 1625 2296 reperiatur

154 2318 309 2375 locuS,
348 2333 433 2377 quo
473 2320 754 2375 accuratius,
793 2324 1010 2377 quantum
1048 2319 1210 2362 hiemis
1248 2317 1423 2361 illorum
1455 2323 1625 2378 tempo-

155 2414 252 2442 rum
292 2398 439 2455 frigus
479 2398 763 2458 spatiumque
802 2399 964 2455 fuerit,
1003 2400 1290 2443 edoceamur.
1348 2398 1433 2442 Ille
1472 2399 1538 2444 ita
1575 2415 1625 2445 se

251 2536 284 2575 ¹)
307 2537 396 2571 Plin.
423 2538 465 2570 H.
490 2537 531 2570 N.
557 2538 645 2581 XV,
667 2539 726 2573 30.

248 2592 282 2632 2)
307 2595 389 2627 Ibid.
415 2595 503 2636 xv,
528 2594 582 2627 15.

249 2648 285 2688 ³)
307 2651 391 2683 nna.
416 2652 501 2693 ΧΠ,
525 2653 559 2684 3.

254 2703 289 2743 4)
311 2707 435 2740 Strabo
459 2708 527 2750 IV,
550 2709 584 2740 3.
611 2707 645 2748 S.
670 2708 706 2740 4.

255 2758 291 2800 5)
312 2762 397 2795 Ibid.
420 2764 487 2801 lv,
510 2766 543 2797 5.
569 2765 604 2803 S.
628 2764 664 2797 2.

255 2815 292 2854 6)
314 2816 368 2852 De
391 2820 447 2850 sit.
473 2820 548 2852 orb.
571 2820 638 2862 111,
661 2820 695 2854 2.
