1781 3217
729 81 1069 134 ...16-

163 219 308 272 paret.
368 214 433 259 At
463 213 690 259 enimvero
721 208 900 266 singula
930 208 1236 267 intempestivi
1265 207 1449 265 frigoris
1481 223 1631 255 exem-

161 294 239 353 pla
269 295 403 340 etiam
433 299 587 338 nostro
618 304 731 336 aevo
762 293 1025 334 evenerunt.
1093 288 1253 334 Nonne
1290 288 1336 334 iu
1373 288 1633 346 Thuringia

161 375 237 420 vel
273 373 514 433 praeteriti
543 371 647 415 anni
685 370 888 415 decimus
924 367 1087 412 tertius
1126 367 1302 426 Majus,
1346 374 1392 414 et
1430 368 1635 414 fortasse.

162 456 297 499 etiam
327 451 729 507 undetricesimuS‚
769 465 856 508 quo
885 447 1065 508 quidem
1094 447 1170 493 vel
1199 448 1351 493 calida
1379 449 1514 495 vallis
1543 449 1629 495 Sa-

158 535 263 578 lana
291 533 454 591 pruina
483 532 735 587 albicabat,
773 529 967 587 glaciem
1004 528 1243 573 viderunt?
1286 528 1348 572 Et
1375 531 1523 587 prima
1552 533 1628 575 de-

158 629 246 658 nuo
278 616 480 668 ejusdem
511 613 614 657 anni
643 610 817 668 glacies
840 611 939 664 jam
976 608 1193 653 vicesimo
1233 608 1378 665 primo
1419 609 1626 668 Septem-

158 693 227 737 bri
258 693 449 737 exstitit.
507 692 600 736 Sed
629 705 687 735 ne
716 689 884 734 multus
915 688 1000 731 sim
1029 688 1282 747 insignibus
1311 688 1530 747 exemplis
1550 705 1626 734 cu-

150 773 340 829 juslibet
369 777 687 831 tempestatum
718 771 915 827 generis
932 784 1014 827 per
1044 769 1194 812 omnia
1222 768 1409 813 saecula
1437 784 1625 827 percen-

158 853 310 897 seudis
340 852 558 898 lectorem
588 854 646 897 ad
676 851 871 909 scripta,
901 850 947 893 in
977 849 1268 894 annotatione
1298 848 1515 908 allata1),
1546 851 1623 894 de-

155 934 283 991 lego,
324 934 503 992 quibus,
545 933 583 976 si
613 932 771 989 legere
801 930 1016 987 voluerit,
1055 929 1156 974 fore
1194 944 1453 988 speramus,
1491 935 1543 974 ut
1581 930 1625 973 ei

155 1016 516 1071 persuadeatur,
537 1040 541 1047 ·
563 1017 771 1057 naturam
809 1011 855 1054 in
892 1011 1012 1054 a'eris
1051 1010 1097 1054 vi
1135 1009 1409 1066 affectione,
1449 1009 1555 1054 inde
1595 1025 1625 1053 a

155 1093 459 1137 Romanorum
489 1097 642 1137 aetate
674 1092 863 1137 eandem
894 1104 1073 1148 semper
1101 1088 1340 1133 mansisse.

267 1173 400 1216 Multi
437 1173 522 1217 viri
560 1172 679 1215 docti
719 1172 931 1216 acerbum
969 1169 1164 1227 antiquis
1202 1167 1475 1226 temporibus
1505 1168 1621 1212 Ger-

154 1252 332 1296 maniae
362 1251 509 1309 frigus
540 1251 832 1309 comprobare
863 1250 1103 1296 voluerunt
1139 1248 1315 1305 magnis
1355 1249 1477 1306 ejus,
1514 1247 1620 1305 gelu

155 1332 412 1376 firmissime
430 1332 618 1388 coactis,
648 1331 918 1387 fluminibus,
948 1331 1015 1373 ita
1042 1334 1093 1372 ut
1119 1343 1208 1371 non
1237 1330 1369 1371 modo
1388 1329 1472 1372 toti
1490 1344 1618 1373 exer-

79 1399 88 1405 *
155 1412 272 1454 citus
304 1427 405 1455 cum
436 1410 766 1468 impedimentis
805 1424 862 1454 ea
899 1409 1193 1464 trajicerent,
1232 1409 1314 1450 sed
1351 1423 1543 1466 pugnae--
1569 1409 1616 1452 iu

152 1491 219 1533 iis-
252 1491 649 1534 committerentur.
714 1491 779 1533 At
816 1505 994 1545 amneS,
1034 1489 1140 1546 gelu
1180 1489 1245 1532 ita
1283 1488 1450 1546 clausi,
1496 1506 1616 1533 nunc

153 1570 289 1613 etiam
319 1586 405 1613 non
435 1570 624 1613 inauditi
653 1575 780 1627 sunt,
822 1575 869 1614 et
897 1569 1019 1613 Galli
1050 1584 1224 1628 quoque
1254 1584 1392 1627 super
1420 1569 1613 1626 glaciem

152 1652 197 1693 in
227 1650 468 1695 Bataviam
497 1649 789 1693 transierunt.
850 1648 1041 1692 Omnino
1072 1655 1238 1705 autem,
1268 1649 1455 1706 pulvere
1485 1649 1612 1705 pyrio

150 1730 474 1789 tormentisque
506 1728 712 1787 igniferis
742 1727 961 1785 inventis,
991 1728 1149 1771 inutile
1180 1727 1359 1771 facinus
1389 1733 1533 1785 esset,
1574 1728 1613 1770 si

149 1806 248 1867 quis
280 1810 327 1853 in
359 1810 512 1868 aquis,
543 1809 649 1866 gelu
681 1809 879 1864 duratis,
918 1808 1138 1865 praelium
1170 1808 1378 1851 conferre
1408 1809 1611 1852 auderet.

259 1888 497 1934 Postremo
537 1888 658 1932 docti
696 1888 850 1932 Pfaffii
891 1890 946 1932 de
982 1892 1079 1931 tota
1117 1887 1203 1930 hac
1242 1901 1293 1929 re
1342 1887 1612 1931 sententiam

146 1968 355 2023 adjiciam
396 1969 452 2024 (l.
485 1985 524 2013 c.
557 1973 669 2014 sect.
700 1968 760 2012 Il.
799 1984 842 2026 p.
880 1966 1055 2024 130.)=
1095 1966 1251 2020 ,AEinb
1282 1965 1341 2011 bie
1370 1966 1528 2012 &Binter
1557 1966 1613 2012 im

232 2139 265 2179 ¹)
291 2140 485 2185 §.Sysspfa
497 2140 542 2185 ff,
566 2139 666 2179 uebet
683 2141 741 2177 ben
764 2139 872 2186 beifien
891 2140 1052 2176 &ommer
1075 2146 1139 2175 non
1166 2139 1266 2180 1811,
1293 2137 1379 2182 nebit
1402 2138 1524 2185 einigen
1542 2138 1611 2175 me:-

142 2196 334 2242 metiungcn
357 2197 434 2234 tibet
457 2196 583 2241 {exibere
606 2198 692 2242 beifie
716 2198 889 2234 &emmena
925 2198 1001 2233 suet
1026 2198 1128 2234 1812.
1174 2195 1395 2239 ffletfetbe.
1439 2195 1540 2232 uebet
1563 2196 1611 2232 bie

141 2250 275 2297 fcdbetn
308 2252 450 2300 strengen
473 2254 603 2290 §zssintec
633 2254 697 2289 unb
728 2252 806 2290 tibet
838 2253 886 2289 bie
916 2252 1058 2298 steengcn
1082 2252 1214 2289 §lisintet
1238 2253 1292 2287 bes
1317 2252 1412 2288 18ten
1435 2250 1610 2295 Sabtbuns

140 2310 228 2346 berte
261 2309 312 2346 bie
347 2320 419 2357 gum
443 2311 575 2348 amma:
604 2319 667 2347 von
701 2312 802 2350 1776.
847 2310 918 2347 Qet
942 2307 1114 2355 (Sescbiciyte
1137 2310 1191 2346 bet
1214 2306 1358 2355 strengen
1380 2305 1513 2346 §winter
1537 2307 1610 2354 etsie

140 2365 347 2410 zcboeeitung.
392 2367 468 2402 aia
493 2369 595 2404 1809.
640 2368 758 2407 &meite
780 2366 975 2410 zsbtbeilung
997 2369 1080 2400 ibid.
1099 2368 1201 2403 1810.

226 2432 371 2480 Qnyton
395 2434 597 2480 §pugnum
619 2431 893 2480 untetsucbungen
916 2430 994 2469 tibet
1016 2434 1078 2470 bat}
1094 2429 1372 2479 Qabtffieinticbe
1394 2433 1448 2470 bet
1463 2433 1608 2471 §metten

137 2487 246 2524 funbe
292 2491 390 2527 §lssien
416 2492 516 2528 1788.

229 2558 329 2590 Essai
353 2560 631 2602 chronologique
654 2568 717 2593 sur
739 2561 794 2593 les
817 2561 941 2593 hivers
962 2560 1017 2592 les
1049 2559 1127 2600 plus
1150 2556 1352 2601 'rigoureux
1379 2557 1502 2600 depuis
1534 2560 1606 2595 l’an

137 2614 205 2645 396
228 2619 336 2647 avant
357 2618 384 2649 Ι.
409 2617 451 2649 C.
470 2615 639 2660 jusqu'en
661 2618 776 2660 1820,
806 2619 903 2649 suivi
942 2618 987 2649 de
1016 2617 1186 2658 quelques
1213 2616 1428 2648 recherches
1456 2626 1521 2650 sur
1550 2619 1605 2651 les

137 2669 240 2701 effets
263 2670 318 2702 les
340 2672 418 2712 plus
440 2674 632 2717 singuliers
661 2674 764 2707 dela
797 2675 924 2707 foudre
956 2675 1079 2715 depuis
1111 2672 1200 2705 1796
1226 2670 1393 2714 jusqu’en
1426 2673 1535 2719 1821,
1570 2676 1605 2711 la

137 2728 214 2759 tout
244 2724 395 2768 precede
428 2731 509 2764 d’un
541 2728 660 2773 precis
681 2730 862 2764 lumineux
883 2736 948 2763 sur
970 2730 1100 2763 l’hiver
1123 2724 1312 2761 considere
1334 2736 1419 2762 sous
1442 2730 1495 2763 les
1519 2740 1603 2774 rap-

136 2785 235 2822 ports
258 2785 542 2828 astronomiques
565 2789 602 2819 et
624 2783 958 2831 meteorologiques.
997 2785 1069 2817 Par
1091 2785 1132 2816 G.
1158 2784 1196 2816 P.
1240 2784 1364 2828 Paris,
1386 2787 1599 2821 Rainouard.

1768 562 1781 582 A
