1781 3217
715 84 1061 131 -28-

268 207 420 253 Aliam
469 207 618 251 adhuc
662 221 757 250 rem
777 239 791 263 ,
838 206 995 251 bubuli
1037 208 1217 266 pecoris
1264 208 1477 268 antiquae
1518 209 1632 255 Ger-

148 290 326 334 maniae
381 289 634 348 propriam,
692 287 889 331 Tacitus
945 289 1083 333 etiam
1140 291 1511 336 commemoravit
1562 292 1633 335 his

146 372 333 418 verbis:
388 384 487 429 „no
535 370 760 412 armentis
809 369 989 427 quidem
1026 385 1137 413 mm
1174 370 1322 417 honor
1358 380 1441 417 aut
1472 372 1635 432 gloria

131 452 374 509 frontek‘fi
452 448 582 497 Quae
620 464 726 492 num
765 449 831 493 ita
868 449 1165 506 intelligenda
1205 451 1328 509 sint,
1373 458 1423 496 nt
1463 467 1633 495 cornua

145 546 332 589 prorsus
386 528 618 585 defuisse,
678 544 735 573 an
785 529 881 586 ita,
931 536 981 573 ut
1028 530 1336 587 magnitudine
1371 533 1504 576 ⁴haud
1557 548 1632 577 ex-

147 610 393 666 celluisse,
434 610 777 666 existimemus,
817 609 1086 654 difficillima
1123 616 1197 655 est
1224 612 1447 670 quaestio.
1508 613 1632 658 Scri·

148 695 304 749 ptores
343 707 379 735 r.
411 706 449 734 r.
488 690 667 749 quidem
704 689 898 735 laudant
936 706 1111 736 cornua
1148 708 1342 750 procera
1364 695 1423 751 ¹),
1465 696 1631 753 ampla,

145 772 334 814 robusta
363 771 680 829 nigrantiaque
693 775 746 827 2).
809 771 940 815 Duae
968 772 1182 828 regiones
1198 772 1377 831 ltaliae,
1399 774 1580 817 Latium
1594 777 1633 833 3)

146 858 193 897 et
231 851 484 911 Tuscia4),
524 867 670 909 genus
711 858 955 909 procreant
995 853 1363 910 cornigerorum,
1402 871 1544 913 quae,
1585 861 1632 900 et

145 934 397 976 masculina
426 939 473 976 et
503 932 716 987 feminea,
748 933 958 990 praedita
989 934 1204 977 cornibus
1235 941 1356 991 sunt,
1387 950 1503 993 qnae
1535 935 1629 978 lon-

146 1015 349 1071 gitndine
379 1015 519 1071 pedes
559 1014 738 1071 priores
778 1019 1008 1070 superent.
1070 1014 1162 1057 Sed
1202 1029 1284 1072 pro
1325 1015 1457 1068 hujus
1498 1030 1628 1058 orua-

147 1094 283 1137 menti
325 1094 540 1150 largitate
579 1098 743 1136 natura
783 1093 828 1135 in
870 1092 963 1136 alia
998 1098 1129 1151 parte
1160 1094 1318 1137 miram
1350 1094 1532 1137 admisit
1562 1100 1628 1139 te·

145 1174 388 1229 unitatem,
427 1176 544 1232 quod
582 1188 681 1216 mas
719 1188 989 1230 perparvum
1027 1178 1227 1217 scrotum
1260 1179 1307 1218 et
1337 1173 1505 1217 femina
1534 1180 1627 1217 tam

149 1253 319 1309 exigua
347 1253 563 1312 parcique
594 1252 729 1297 lactis
758 1252 904 1296 ubera
933 1252 1095 1309 habet,
1135 1259 1185 1297 ut
1225 1253 1331 1311 pulli
1364 1254 1420 1297 ab
1452 1269 1510 1298 ea
1538 1269 1627 1303 non

149 1334 264 1376 satis
294 1333 454 1378 nutriri
485 1334 675 1391 possint,
705 1333 787 1376 sed
817 1332 919 1376 aliis
950 1333 1098 1376 adhue
1129 1333 1357 1378 alimentis
1379 1334 1627 1378 sustentari

149 1413 360 1460 debeant.
420 1414 525 1463 Qua
557 1428 608 1457 re
639 1413 684 1456 id
716 1412 894 1457 videtur
923 1412 1110 1469 firmari,
1141 1415 1259 1471 quod
1289 1413 1490 1457 nonnulli
1522 1429 1627 1457 con-

149 1494 424 1542 tenderunt,
455 1508 541 1551 quo
572 1492 780 1549 longiora
810 1508 981 1537 cornua
1011 1492 1124 1548 sint,
1155 1497 1282 1535 tanto
1313 1493 1459 1535 minus
1490 1494 1625 1535 semi-

145 1572 216 1615 nis
246 1572 468 1630 lactisque
498 1572 648 1628 gigni,
688 1578 734 1617 et
764 1573 920 1616 horum
953 1572 1128 1628 copiam
1160 1587 1215 1615 eo
1246 1575 1464 1627 majorem
1495 1587 1626 1630 repe-

149 1651 258 1707 riri,
290 1656 456 1709 quanto
488 1651 566 1693 illa
597 1651 807 1694 breviora
837 1652 940 1693 sint.
1001 1651 1115 1694 Cum
1146 1666 1255 1693 vero
1287 1652 1405 1708 apud
1436 1665 1520 1693 nos
1549 1667 1626 1695 ex-

149 1731 290 1774 sectis
330 1736 504 1773 tantum
545 1730 897 1782 bubuscornua
935 1731 979 1772 in
1025 1730 1248 1785 insignem
1299 1730 1627 1786 longitudinem

148 1809 435 1866 adolescant,
475 1809 757 1868 putaverim,
807 1810 1129 1854 castrationem
1172 1809 1416 1865 majoribus
1456 1810 1625 1854 nostris

147 1890 347 1945 ignotam
379 1895 459 1933 aut
489 1895 615 1933 certe
645 1890 1097 1945 inusitatam-fuisse,
1129 1905 1318 1947 eamque
1349 1890 1405 1931 ob
1437 1905 1625 1933 causam

146 1969 276 2012 boum
308 1984 480 2013 cornua
509 1970 816 2026 magnitudine
844 1984 931 2013 non
963 1970 1031 2014 ita
1059 1969 1322 2025 eminuisse,
1353 1975 1403 2013 ut
1430 1971 1625 2030 „gloria

127 2048 350 2103 frontzw
380 2049 468 2093 dici
500 2055 699 2106 possent.
758 2048 1042 2107 Quamquam
1073 2048 1116 2091 in
1149 2048 1242 2091 aris
1273 2048 1513 2093 ruderibus
1545 2049 1622 2091 ob-

142 2129 256 2171 rutis
286 2130 420 2172 etiam
453 2145 623 2173 cornua
654 2128 868 2185 bubula5)
898 2129 1212 2185 inveniuntur,
1257 2134 1432 2173 certum
1470 2135 1622 2172 tamen

141 2207 249 2250 nihil
268 2208 353 2252 dici
374 2214 536 2266 potest,
556 2209 642 2252 nisi
659 2225 716 2253 ea
735 2208 1020 2253 victimarum
1036 2208 1198 2265 fuisse,
1227 2223 1343 2266 quas
1363 2208 1546 2265 gentil
1561 2223 1622 2251 es

142 2288 198 2331 ibi
219 2288 541 2332 immolassent.
596 2290 686 2332 Sed
718 2289 960 2332 etiamnum
991 2288 1035 2330 in
1055 2288 1304 2332 Germania
1321 2303 1463 2345 pecus
1481 2288 1621 2331 bubu-

139 2367 227 2411 lum
248 2370 457 2412 cornibus
476 2384 562 2412 non
580 2352 832 2427 praeditum
846 2367 1015 2424 passim
1036 2368 1278 2426 reperitur,
1290 2373 1340 2411 ut·
1359 2368 1404 2411 in
1421 2369 1622 2426 praediis

229 2450 262 2488 ι)
286 2451 341 2483 cf.
367 2450 444 2483 σοι.
471 2452 537 2492 vl,
564 2452 594 2484 1.
619 2453 653 2483 3.

228 2506 263 2545 2)
286 2508 340 2540 Cf.
365 2508 473 2540 Varr.
497 2508 542 2540 de
566 2516 596 2541 r.
621 2516 652 2541 r.
675 2506 711 2549 1,
733 2506 801 2548 20,
827 2505 859 2538 1.
885 2509 923 2539 et
945 2507 989 2540 n.
1013 2509 1047 2540 5.
1073 2507 1107 2540 ’7.
1134 2510 1171 2540 et
1193 2508 1228 2540 8.
1254 2505 1386 2539 Pallad.
1413 2506 1473 2538 lv.
1502 2506 1556 2544 11,
1580 2507 1617 2540 2.

228 2561 262 2600 3)
288 2565 342 2596 Cf.
367 2561 599 2606 Zeutsdylanbss
621 2562 879 2605 §Rinboiebtacen
903 2561 979 2605 aad)
1003 2564 1059 2597 bet
1082 2563 1198 2598 matut
1222 2560 1405 2605 bacgesteut
1427 2567 1491 2597 von
1514 2558 1558 2598 (ξ.
1583 2570 1617 2597 υ.

139 2617 255 2652 mitte.
302 2619 417 2653 ffiettin
443 2620 546 2656 1818.
591 2621 657 2651 sub
680 2628 773 2652 voce
796 2617 1004 2660 momanifme
1027 2620 1131 2653 staec.

228 2673 262 2715 4)
287 2674 398 2716 §Btiefe
422 2672 477 2710 ι’ώ.
500 2674 643 2716 Stalicn.
688 2675 730 2709 21‘.
754 2675 787 2708 b.
812 2674 933 2718 ἱξιταηᾶ.
958 2675 1014 2710 δεὸ
1040 2674 1123 2717 ἅρπη.
1150 2673 1216 2717 ‘ib‘-
1241 2672 1385 2709 ‘enssin
1405 2672 1619 2718 (ξῡαῐεαυε

138 2730 257 2767 nient
281 2738 344 2763 non
366 2732 412 2772 ἕρ.
435 2732 468 2773 59
484 2732 606 2776 finget.
653 2730 755 2774 eeipg.
782 2731 885 2767 1821.
908 2731 988 2774 301,
1012 2733 1039 2764 Ι.
1065 2742 1097 2772 p.
1126 2731 1207 2763 121.

230 2783 266 2825 3)
289 2786 344 2835 pr.
368 2786 533 2831 neminen
556 2787 589 2823 in
612 2784 822 2832 zeutfffitanb
846 2793 915 2822 etc.
942 2798 976 2830 p.
1001 2787 1060 2821 48.
1087 2791 1124 2820 et
1146 2786 1204 2821 54.
