1781 3217
447 469 449 471 >
511 415 1248 502 PRAEFATIO.

150 692 363 804 Quum
418 736 741 807 recentiori
806 742 1068 809 tempore
1122 736 1374 792 historia
1427 731 1630 804 populi

150 810 632 907 Germaniffitiam
647 839 870 896 ‘multos
891 843 1210 913 scriptores
1246 826 1631 906 fautoresque

51 1011 55 1013 Δ
148 949 332 1008 nacta
355 942 476 1016 sit,
504 946 793 1000 communi
820 944 932 1001 hoc
960 943 1153 1019 studio
1192 949 1254 998 et
1293 957 1491 996 amore
1536 953 1632 993 me

152 1041 558 1110 confirmatum
585 1045 1015 1118 adductumque
1035 1049 1210 1113 sensi,
1247 1051 1316 1101 ut
1336 1043 1630 1100 desiderio

102 1210 104 1212 v
151 1164 281 1218 meo
302 1150 804 1218 satisfaceremet,
837 1153 1282 1222 opportunitate
1300 1148 1448 1203 >mihi
1473 1146 1627 1201 obla—

93 1317 95 1319 ,
154 1256 234 1323 ta,
271 1251 347 1306 ad
366 1251 773 1310 illustrandam
796 1254 963 1310 illam
987 1252 1285 1318 nonnulla,
1320 1266 1473 1321 quae
1497 1265 1632 1305 cum

40 1424 41 1427 Ἴ
152 1346 260 1423 iis,
315 1356 379 1410 in
423 1355 631 1432 quibus
684 1371 923 1429 operam
975 1356 1348 1425 studiumque
1397 1368 1630 1425 ponam,

48 1529 55 1535 ,-
152 1456 432 1530 copulata
472 1460 607 1531 sint,
650 1475 757 1531 pro
793 1458 1016 1516 viribus
1059 1461 1403 1516 conferrem.
1470 1454 1629 1520 Qua-

155 1578 251 1629 re,
289 1561 688 1630 agriculturae
721 1562 1006 1629 doctrinis
1048 1563 1299 1628 deditus,
1337 1562 1411 1616 de
1450 1560 1629 1615 rebus

154 1665 394 1719 rusticis
451 1662 735 1744 majorum
785 1671 1122 1720 nostrorum
1174 1665 1634 1733 disputationem

155 1765 404 1821 institui.
468 1761 639 1831 Quae
672 1781 812 1821 num
827 1836 833 1839 p
851 1765 1072 1838 aliquid
1112 1766 1260 1823 lucis
1304 1766 1414 1821 hac
1446 1767 1635 1836 prima

155 1854 289 1922 mea
337 1849 658 1939 scriptione
700 1870 998 1941 ceperint,
1044 1868 1205 1925 docti
1245 1867 1634 1938 benevolique

155 1963 395 2028 lectoris
426 1967 651 2039 judicio
685 1971 979 2042 relinqu03
1037 1978 1099 2026 et
1132 1977 1360 2027 tantum
1399 1971 1629 2025 histori-

159 2088 259 2130 cos
295 2077 474 2142 atque
501 2071 830 2143 ‘philologos
870 2079 1109 2143 rogatos
1147 2090 1279 2130 esse
1320 2074 1522 2140 velim,
1566 2078 1635 2127 ut

159 2191 238 2229 ne
275 2174 429 2229 idem
464 2189 501 2228 a
528 2189 639 2242 me,
677 2176 777 2246 qui
803 2175 1062 2245 agricola
1098 2178 1222 2244 sim,
1263 2179 1632 2247 exspectent,

160 2277 314 2348 quod
345 2275 484 2347 jure
521 2276 594 2332 ab
631 2279 735 2345 iis,
769 2281 869 2349 qui
902 2279 1050 2335 haec
1090 2281 1285 2334 studia
1329 2296 1438 2333 sua
1477 2280 1630 2333 sece-

158 2383 298 2449 rint,
330 2381 658 2455 requirant,
702 2384 763 2435 et
798 2397 875 2436 ne
905 2397 999 2437 me
1038 2383 1130 2450 iis,
1172 2398 1324 2451 quae
1365 2382 1426 2436 hi
1462 2383 1523 2435 in
1562 2396 1635 2435 ea

162 2499 341 2538 causa
393 2488 699 2554 praestare
761 2489 983 2554 queant
1041 2483 1409 2554 debeantque
1432 2523 1448 2549 ,
1513 2499 1630 2537 me-

161 2588 399 2662 tiantur.
483 2583 599 2642 Sed
640 2601 939 2656 speramus
981 2589 1159 2642 etiam
1198 2588 1356 2654 fore,
1409 2589 1478 2641 ut
1507 2583 1632 2640 diu-

163 2688 520 2744 turnioribus
565 2688 982 2759 altioribusque
1026 2689 1233 2744 studiis
1269 2689 1453 2757 magis
1514 2704 1635 2742 ma-

165 2791 369 2860 gisque
408 2791 576 2847 nobis
612 2793 675 2847 in
719 2791 1088 2847 tenebricosa
1102 2788 1472 2863 antiquitatis
1505 2790 1637 2846 loca
