<?xml version="1.0" encoding="UTF-8"?>
<!DOCTYPE html PUBLIC "-//W3C//DTD XHTML 1.0 Transitional//EN"
    "http://www.w3.org/TR/xhtml1/DTD/xhtml1-transitional.dtd">
<html xmlns="http://www.w3.org/1999/xhtml" xml:lang="en" lang="en">
 <head>
  <title>
</title>
<meta http-equiv="Content-Type" content="text/html;charset=utf-8" />
  <meta name='ocr-system' content='tesseract 3.04.00' />
  <meta name='ocr-capabilities' content='ocr_page ocr_carea ocr_par ocr_line ocrx_word'/>
</head>
<body>
  <div class='ocr_page' id='page_1' title='image "./4622882_0037.png"; bbox 0 0 1781 3217; ppageno 0'>
   <div class='ocr_carea' id='block_1_1' title="bbox 720 75 1067 125">
    <p class='ocr_par' dir='ltr' id='par_1_1' title="bbox 720 75 1067 125">
     <span class='ocr_line' id='line_1_1' title="bbox 720 75 1067 125; baseline -0.003 -11"><span class='ocrx_word' id='word_1_1' title='bbox 720 75 1067 125; x_wconf 74' lang='lat'><strong>...24-</strong></span> 
     </span>
    </p>
   </div>
   <div class='ocr_carea' id='block_1_2' title="bbox 153 199 1635 2500">
    <p class='ocr_par' dir='ltr' id='par_1_2' title="bbox 153 199 1635 2500">
     <span class='ocr_line' id='line_1_2' title="bbox 160 199 1633 261; baseline -0.001 -13"><span class='ocrx_word' id='word_1_2' title='bbox 160 203 429 261; x_wconf 81' lang='lat' dir='ltr'><strong>Opinionem</strong></span> <span class='ocrx_word' id='word_1_3' title='bbox 448 214 603 248; x_wconf 84' lang='lat' dir='ltr'><strong>eorum</strong></span> <span class='ocrx_word' id='word_1_4' title='bbox 617 206 786 258; x_wconf 85' lang='lat' dir='ltr'><strong>autem,</strong></span> <span class='ocrx_word' id='word_1_5' title='bbox 804 200 881 259; x_wconf 85' lang='lat' dir='ltr'><strong>qui</strong></span> <span class='ocrx_word' id='word_1_6' title='bbox 897 199 1051 247; x_wconf 81' lang='lat' dir='ltr'><strong>soleas</strong></span> <span class='ocrx_word' id='word_1_7' title='bbox 1067 199 1172 246; x_wconf 81' lang='lat' dir='ltr'><strong>illas</strong></span> <span class='ocrx_word' id='word_1_8' title='bbox 1184 200 1365 247; x_wconf 79' lang='lat' dir='ltr'><strong>ferreas</strong></span> <span class='ocrx_word' id='word_1_9' title='bbox 1379 199 1633 247; x_wconf 76' lang='lat' dir='ltr'>Succorum</span> 
     </span>
     <span class='ocr_line' id='line_1_3' title="bbox 160 280 1634 343; baseline 0.001 -15"><span class='ocrx_word' id='word_1_10' title='bbox 160 284 304 329; x_wconf 81' lang='lat' dir='ltr'><strong>fuisse</strong></span> <span class='ocrx_word' id='word_1_11' title='bbox 333 288 506 343; x_wconf 83' lang='lat' dir='ltr'><strong>putent,</strong></span> <span class='ocrx_word' id='word_1_12' title='bbox 534 280 760 338; x_wconf 77' lang='lat' dir='ltr'><strong>refragari</strong></span> <span class='ocrx_word' id='word_1_13' title='bbox 790 281 927 325; x_wconf 84' lang='lat' dir='ltr'><strong>etiam</strong></span> <span class='ocrx_word' id='word_1_14' title='bbox 957 280 1063 327; x_wconf 83' lang='lat' dir='ltr'><strong>loea</strong></span> <span class='ocrx_word' id='word_1_15' title='bbox 1092 282 1287 341; x_wconf 80' lang='lat' dir='ltr'><strong>censuit,</strong></span> <span class='ocrx_word' id='word_1_16' title='bbox 1316 282 1393 327; x_wconf 88' lang='lat' dir='ltr'><strong>ubi</strong></span> <span class='ocrx_word' id='word_1_17' title='bbox 1421 288 1634 341; x_wconf 74' lang='lat' dir='ltr'><strong>repertae</strong></span> 
     </span>
     <span class='ocr_line' id='line_1_4' title="bbox 162 361 1635 423; baseline -0.001 -15"><span class='ocrx_word' id='word_1_18' title='bbox 162 365 269 423; x_wconf 82' lang='lat' dir='ltr'><strong>sint,</strong></span> <span class='ocrx_word' id='word_1_19' title='bbox 300 365 395 410; x_wconf 85' lang='lat' dir='ltr'><strong>sive</strong></span> <span class='ocrx_word' id='word_1_20' title='bbox 422 362 667 421; x_wconf 81' lang='lat' dir='ltr'><strong>longinqua</strong></span> <span class='ocrx_word' id='word_1_21' title='bbox 691 376 878 419; x_wconf 81' lang='lat' dir='ltr'><strong>pascua,</strong></span> <span class='ocrx_word' id='word_1_22' title='bbox 908 361 1007 406; x_wconf 82' lang='lat' dir='ltr'><strong>sive</strong></span> <span class='ocrx_word' id='word_1_23' title='bbox 1036 377 1268 421; x_wconf 74' lang='lat' dir='ltr'><strong>recessuS‚</strong></span> <span class='ocrx_word' id='word_1_24' title='bbox 1298 379 1412 422; x_wconf 78' lang='lat' dir='ltr'><strong>quos</strong></span> <span class='ocrx_word' id='word_1_25' title='bbox 1442 363 1500 408; x_wconf 83' lang='lat' dir='ltr'><strong>ab</strong></span> <span class='ocrx_word' id='word_1_26' title='bbox 1516 363 1635 407; x_wconf 79' lang='lat' dir='ltr'><strong>omni</strong></span> 
     </span>
     <span class='ocr_line' id='line_1_5' title="bbox 164 441 1635 501; baseline -0.002 -12"><span class='ocrx_word' id='word_1_27' title='bbox 164 446 324 490; x_wconf 84' lang='lat' dir='ltr'><strong>itinere</strong></span> <span class='ocrx_word' id='word_1_28' title='bbox 354 448 576 499; x_wconf 83' lang='lat' dir='ltr'><strong>remotos,</strong></span> <span class='ocrx_word' id='word_1_29' title='bbox 616 456 757 501; x_wconf 85' lang='lat' dir='ltr'><strong>eques</strong></span> <span class='ocrx_word' id='word_1_30' title='bbox 796 442 872 485; x_wconf 87' lang='lat' dir='ltr'><strong>vix</strong></span> <span class='ocrx_word' id='word_1_31' title='bbox 910 441 1098 498; x_wconf 86' lang='lat' dir='ltr'><strong>adierit,</strong></span> <span class='ocrx_word' id='word_1_32' title='bbox 1138 442 1278 485; x_wconf 89' lang='lat' dir='ltr'><strong>multo</strong></span> <span class='ocrx_word' id='word_1_33' title='bbox 1315 445 1464 494; x_wconf 80' lang='lat' dir='ltr'><strong>minus</strong></span> <span class='ocrx_word' id='word_1_34' title='bbox 1502 443 1635 501; x_wconf 84' lang='lat' dir='ltr'><strong>bello,</strong></span> 
     </span>
     <span class='ocr_line' id='line_1_6' title="bbox 158 521 1634 584; baseline -0.001 -15"><span class='ocrx_word' id='word_1_35' title='bbox 158 525 254 570; x_wconf 78' lang='lat' dir='ltr'><strong>sive</strong></span> <span class='ocrx_word' id='word_1_36' title='bbox 282 523 442 569; x_wconf 86' lang='lat' dir='ltr'><strong>ruinae</strong></span> <span class='ocrx_word' id='word_1_37' title='bbox 470 522 811 569; x_wconf 88' lang='lat' dir='ltr'><strong>veterrimorum</strong></span> <span class='ocrx_word' id='word_1_38' title='bbox 842 521 1175 581; x_wconf 79' lang='lat' dir='ltr'><strong>aedificiorum,</strong></span> <span class='ocrx_word' id='word_1_39' title='bbox 1202 525 1304 568; x_wconf 83' lang='lat' dir='ltr'><strong>sive</strong></span> <span class='ocrx_word' id='word_1_40' title='bbox 1334 525 1528 584; x_wconf 82' lang='lat' dir='ltr'><strong>denique</strong></span> <span class='ocrx_word' id='word_1_41' title='bbox 1559 539 1634 570; x_wconf 87' lang='lat' dir='ltr'><strong>ve-</strong></span> 
     </span>
     <span class='ocr_line' id='line_1_7' title="bbox 159 601 1634 663; baseline 0 -14"><span class='ocrx_word' id='word_1_42' title='bbox 159 612 304 650; x_wconf 89' lang='lat' dir='ltr'><strong>terum</strong></span> <span class='ocrx_word' id='word_1_43' title='bbox 336 605 663 649; x_wconf 83' lang='lat' dir='ltr'><strong>Germanorum</strong></span> <span class='ocrx_word' id='word_1_44' title='bbox 694 602 853 647; x_wconf 78' lang='lat' dir='ltr'><strong>tumuli</strong></span> <span class='ocrx_word' id='word_1_45' title='bbox 883 601 975 646; x_wconf 81' lang='lat' dir='ltr'><strong>sint</strong></span> <span class='ocrx_word' id='word_1_46' title='bbox 1004 607 1051 647; x_wconf 90' lang='lat' dir='ltr'><strong>et</strong></span> <span class='ocrx_word' id='word_1_47' title='bbox 1080 608 1264 661; x_wconf 83' lang='lat' dir='ltr'><strong>praeter</strong></span> <span class='ocrx_word' id='word_1_48' title='bbox 1293 617 1374 648; x_wconf 85' lang='lat' dir='ltr'><strong>eos</strong></span> <span class='ocrx_word' id='word_1_49' title='bbox 1404 603 1499 648; x_wconf 82' lang='lat' dir='ltr'><strong>alia</strong></span> <span class='ocrx_word' id='word_1_50' title='bbox 1528 620 1634 663; x_wconf 86' lang='lat' dir='ltr'><strong>quo-</strong></span> 
     </span>
     <span class='ocr_line' id='line_1_8' title="bbox 159 680 1635 744; baseline 0.001 -16"><span class='ocrx_word' id='word_1_51' title='bbox 159 701 247 744; x_wconf 86' lang='lat' dir='ltr'><strong>que</strong></span> <span class='ocrx_word' id='word_1_52' title='bbox 276 683 589 741; x_wconf 85' lang='lat' dir='ltr'><strong>receptacula,</strong></span> <span class='ocrx_word' id='word_1_53' title='bbox 619 680 773 727; x_wconf 86' lang='lat' dir='ltr'><strong>multis</strong></span> <span class='ocrx_word' id='word_1_54' title='bbox 803 682 993 739; x_wconf 85' lang='lat' dir='ltr'><strong>pedibus</strong></span> <span class='ocrx_word' id='word_1_55' title='bbox 1024 683 1181 727; x_wconf 82' lang='lat' dir='ltr'><strong>subter</strong></span> <span class='ocrx_word' id='word_1_56' title='bbox 1210 689 1364 728; x_wconf 84' lang='lat' dir='ltr'><strong>terrae</strong></span> <span class='ocrx_word' id='word_1_57' title='bbox 1395 684 1635 741; x_wconf 84' lang='lat' dir='ltr'><strong>superficie</strong></span> 
     </span>
     <span class='ocr_line' id='line_1_9' title="bbox 160 762 1634 822; baseline -0.001 -12"><span class='ocrx_word' id='word_1_58' title='bbox 160 764 440 810; x_wconf 82' lang='lat' dir='ltr'><strong>abscondita.</strong></span> <span class='ocrx_word' id='word_1_59' title='bbox 509 762 764 808; x_wconf 81' lang='lat' dir='ltr'><strong>Nonnullae</strong></span> <span class='ocrx_word' id='word_1_60' title='bbox 803 763 939 808; x_wconf 85' lang='lat' dir='ltr'><strong>etiam</strong></span> <span class='ocrx_word' id='word_1_61' title='bbox 978 763 1198 818; x_wconf 88' lang='lat' dir='ltr'><strong>ejusmodi</strong></span> <span class='ocrx_word' id='word_1_62' title='bbox 1240 763 1398 809; x_wconf 78' lang='lat' dir='ltr'>soleae</span> <span class='ocrx_word' id='word_1_63' title='bbox 1436 763 1634 822; x_wconf 81' lang='lat' dir='ltr'><strong>ferreae,</strong></span> 
     </span>
     <span class='ocr_line' id='line_1_10' title="bbox 159 843 1632 903; baseline 0 -15"><span class='ocrx_word' id='word_1_64' title='bbox 159 860 276 903; x_wconf 82' lang='lat' dir='ltr'><strong>quae</strong></span> <span class='ocrx_word' id='word_1_65' title='bbox 313 844 490 903; x_wconf 86' lang='lat' dir='ltr'><strong>quidem</strong></span> <span class='ocrx_word' id='word_1_66' title='bbox 522 843 746 889; x_wconf 83' lang='lat' dir='ltr'><strong>Sueeieae</strong></span> <span class='ocrx_word' id='word_1_67' title='bbox 786 844 1034 901; x_wconf 86' lang='lat' dir='ltr'><strong>habentur,</strong></span> <span class='ocrx_word' id='word_1_68' title='bbox 1072 845 1157 888; x_wconf 86' lang='lat' dir='ltr'><strong>sed</strong></span> <span class='ocrx_word' id='word_1_69' title='bbox 1195 849 1402 889; x_wconf 87' lang='lat' dir='ltr'><strong>veterum</strong></span> <span class='ocrx_word' id='word_1_70' title='bbox 1442 844 1632 888; x_wconf 80' lang='lat' dir='ltr'><strong>Germa-</strong></span> 
     </span>
     <span class='ocr_line' id='line_1_11' title="bbox 158 924 1632 983; baseline -0.001 -13"><span class='ocrx_word' id='word_1_71' title='bbox 158 940 316 970; x_wconf 89' lang='lat' dir='ltr'><strong>norum</strong></span> <span class='ocrx_word' id='word_1_72' title='bbox 347 929 471 970; x_wconf 83' lang='lat' dir='ltr'><strong>certe</strong></span> <span class='ocrx_word' id='word_1_73' title='bbox 501 930 621 983; x_wconf 82' lang='lat' dir='ltr'><strong>sunt,</strong></span> <span class='ocrx_word' id='word_1_74' title='bbox 649 924 798 970; x_wconf 83' lang='lat' dir='ltr'><strong>Jenae</strong></span> <span class='ocrx_word' id='word_1_75' title='bbox 828 924 873 968; x_wconf 89' lang='lat' dir='ltr'><strong>in</strong></span> <span class='ocrx_word' id='word_1_76' title='bbox 902 939 1054 970; x_wconf 84' lang='lat' dir='ltr'><strong>rerum</strong></span> <span class='ocrx_word' id='word_1_77' title='bbox 1085 924 1201 969; x_wconf 86' lang='lat' dir='ltr'><strong>artis</strong></span> <span class='ocrx_word' id='word_1_78' title='bbox 1231 924 1536 970; x_wconf 77' lang='lat' dir='ltr'><strong>veterinariae</strong></span> <span class='ocrx_word' id='word_1_79' title='bbox 1554 940 1632 969; x_wconf 89' lang='lat' dir='ltr'><strong>no-</strong></span> 
     </span>
     <span class='ocr_line' id='line_1_12' title="bbox 159 1005 1633 1064; baseline 0 -15"><span class='ocrx_word' id='word_1_80' title='bbox 159 1006 361 1050; x_wconf 78' lang='lat' dir='ltr'><strong>tabilium</strong></span> <span class='ocrx_word' id='word_1_81' title='bbox 400 1005 615 1050; x_wconf 86' lang='lat' dir='ltr'><strong>thesauro</strong></span> <span class='ocrx_word' id='word_1_82' title='bbox 654 1007 978 1060; x_wconf 82' lang='lat' dir='ltr'><strong>ostenduntur3</strong></span> <span class='ocrx_word' id='word_1_83' title='bbox 1021 1005 1108 1050; x_wconf 88' lang='lat' dir='ltr'><strong>hae</strong></span> <span class='ocrx_word' id='word_1_84' title='bbox 1150 1011 1310 1050; x_wconf 81' lang='lat' dir='ltr'><strong>carent</strong></span> <span class='ocrx_word' id='word_1_85' title='bbox 1341 1020 1518 1064; x_wconf 88' lang='lat' dir='ltr'><strong>quoque</strong></span> <span class='ocrx_word' id='word_1_86' title='bbox 1547 1005 1633 1049; x_wconf 86' lang='lat' dir='ltr'><strong>ful-</strong></span> 
     </span>
     <span class='ocr_line' id='line_1_13' title="bbox 158 1084 1635 1143; baseline -0.001 -14"><span class='ocrx_word' id='word_1_87' title='bbox 158 1084 251 1129; x_wconf 83' lang='lat' dir='ltr'><strong>cris</strong></span> <span class='ocrx_word' id='word_1_88' title='bbox 282 1084 471 1139; x_wconf 75' lang='lat' dir='ltr'><strong>enticis,</strong></span> <span class='ocrx_word' id='word_1_89' title='bbox 511 1085 677 1129; x_wconf 82' lang='lat' dir='ltr'><strong>habent</strong></span> <span class='ocrx_word' id='word_1_90' title='bbox 706 1085 886 1143; x_wconf 82' lang='lat' dir='ltr'><strong>postica</strong></span> <span class='ocrx_word' id='word_1_91' title='bbox 914 1099 1084 1142; x_wconf 82' lang='lat' dir='ltr'><strong>parva,</strong></span> <span class='ocrx_word' id='word_1_92' title='bbox 1123 1090 1170 1129; x_wconf 90' lang='lat' dir='ltr'><strong>et</strong></span> <span class='ocrx_word' id='word_1_93' title='bbox 1208 1089 1437 1129; x_wconf 85' lang='lat' dir='ltr'><strong>extremas</strong></span> <span class='ocrx_word' id='word_1_94' title='bbox 1475 1084 1635 1129; x_wconf 85' lang='lat' dir='ltr'><strong>falcati</strong></span> 
     </span>
     <span class='ocr_line' id='line_1_14' title="bbox 160 1163 1633 1224; baseline 0.001 -17"><span class='ocrx_word' id='word_1_95' title='bbox 160 1163 271 1208; x_wconf 80' lang='lat' dir='ltr'><strong>ferri</strong></span> <span class='ocrx_word' id='word_1_96' title='bbox 300 1169 456 1222; x_wconf 82' lang='lat' dir='ltr'><strong>partes</strong></span> <span class='ocrx_word' id='word_1_97' title='bbox 488 1164 643 1209; x_wconf 84' lang='lat' dir='ltr'><strong>subter</strong></span> <span class='ocrx_word' id='word_1_98' title='bbox 674 1165 897 1223; x_wconf 80' lang='lat' dir='ltr'><strong>posticam</strong></span> <span class='ocrx_word' id='word_1_99' title='bbox 916 1165 1113 1222; x_wconf 81' lang='lat' dir='ltr'><strong>ungulae</strong></span> <span class='ocrx_word' id='word_1_100' title='bbox 1133 1170 1309 1224; x_wconf 85' lang='lat' dir='ltr'><strong>partem</strong></span> <span class='ocrx_word' id='word_1_101' title='bbox 1329 1165 1512 1223; x_wconf 89' lang='lat' dir='ltr'><strong>paulum</strong></span> <span class='ocrx_word' id='word_1_102' title='bbox 1532 1179 1633 1223; x_wconf 87' lang='lat' dir='ltr'><strong>pro-</strong></span> 
     </span>
     <span class='ocr_line' id='line_1_15' title="bbox 158 1244 1631 1304; baseline 0 -17"><span class='ocrx_word' id='word_1_103' title='bbox 158 1244 383 1288; x_wconf 84' lang='lat' dir='ltr'><strong>minentes</strong></span> <span class='ocrx_word' id='word_1_104' title='bbox 413 1250 550 1303; x_wconf 87' lang='lat' dir='ltr'><strong>atque</strong></span> <span class='ocrx_word' id='word_1_105' title='bbox 580 1246 637 1288; x_wconf 88' lang='lat' dir='ltr'><strong>ad</strong></span> <span class='ocrx_word' id='word_1_106' title='bbox 661 1260 760 1289; x_wconf 88' lang='lat' dir='ltr'><strong>eam</strong></span> <span class='ocrx_word' id='word_1_107' title='bbox 781 1246 1031 1304; x_wconf 79' lang='lat' dir='ltr'><strong>repandas3</strong></span> <span class='ocrx_word' id='word_1_108' title='bbox 1061 1247 1250 1288; x_wconf 81' lang='lat' dir='ltr'><strong>eaedem</strong></span> <span class='ocrx_word' id='word_1_109' title='bbox 1277 1245 1415 1289; x_wconf 83' lang='lat' dir='ltr'><strong>etiam</strong></span> <span class='ocrx_word' id='word_1_110' title='bbox 1438 1251 1631 1289; x_wconf 85' lang='lat' dir='ltr'><strong>tautum-</strong></span> 
     </span>
     <span class='ocr_line' id='line_1_16' title="bbox 159 1324 1633 1384; baseline 0 -15"><span class='ocrx_word' id='word_1_111' title='bbox 159 1325 294 1369; x_wconf 86' lang='lat' dir='ltr'><strong>modo</strong></span> <span class='ocrx_word' id='word_1_112' title='bbox 326 1339 410 1369; x_wconf 85' lang='lat' dir='ltr'><strong>sex</strong></span> <span class='ocrx_word' id='word_1_113' title='bbox 438 1324 663 1369; x_wconf 81' lang='lat' dir='ltr'><strong>foramina</strong></span> <span class='ocrx_word' id='word_1_114' title='bbox 693 1326 925 1371; x_wconf 89' lang='lat' dir='ltr'><strong>continent</strong></span> <span class='ocrx_word' id='word_1_115' title='bbox 953 1328 1012 1370; x_wconf 89' lang='lat' dir='ltr'><strong>ad</strong></span> <span class='ocrx_word' id='word_1_116' title='bbox 1042 1325 1295 1384; x_wconf 78' lang='lat' dir='ltr'><strong>infigendus</strong></span> <span class='ocrx_word' id='word_1_117' title='bbox 1324 1325 1512 1371; x_wconf 88' lang='lat' dir='ltr'><strong>totidem</strong></span> <span class='ocrx_word' id='word_1_118' title='bbox 1541 1324 1633 1369; x_wconf 85' lang='lat' dir='ltr'><strong>ela-</strong></span> 
     </span>
     <span class='ocr_line' id='line_1_17' title="bbox 157 1399 1633 1464; baseline 0 -15"><span class='ocrx_word' id='word_1_119' title='bbox 157 1419 256 1462; x_wconf 77' lang='lat' dir='ltr'><strong>vos,</strong></span> <span class='ocrx_word' id='word_1_120' title='bbox 289 1420 477 1464; x_wconf 89' lang='lat' dir='ltr'><strong>quorum</strong></span> <span class='ocrx_word' id='word_1_121' title='bbox 508 1407 567 1449; x_wconf 88' lang='lat' dir='ltr'><strong>ad</strong></span> <span class='ocrx_word' id='word_1_122' title='bbox 596 1407 794 1460; x_wconf 84' lang='lat' dir='ltr'><strong>majores</strong></span> <span class='ocrx_word' id='word_1_123' title='bbox 816 1406 975 1450; x_wconf 61' lang='lat' dir='ltr'><strong>&#39;soleas</strong></span> <span class='ocrx_word' id='word_1_124' title='bbox 1005 1399 1182 1450; x_wconf 80' lang='lat' dir='ltr'><strong>ferreas</strong></span> <span class='ocrx_word' id='word_1_125' title='bbox 1211 1405 1339 1449; x_wconf 88' lang='lat' dir='ltr'><strong>firme</strong></span> <span class='ocrx_word' id='word_1_126' title='bbox 1360 1405 1633 1462; x_wconf 67' lang='lat' dir='ltr'><strong>affigendus,</strong></span> 
     </span>
     <span class='ocr_line' id='line_1_18' title="bbox 157 1484 1632 1544; baseline 0.001 -17"><span class='ocrx_word' id='word_1_127' title='bbox 157 1489 261 1528; x_wconf 87' lang='lat' dir='ltr'><strong>octo</strong></span> <span class='ocrx_word' id='word_1_128' title='bbox 296 1498 411 1542; x_wconf 87' lang='lat' dir='ltr'><strong>opus</strong></span> <span class='ocrx_word' id='word_1_129' title='bbox 449 1490 584 1539; x_wconf 78' lang='lat' dir='ltr'><strong>sunt3</strong></span> <span class='ocrx_word' id='word_1_130' title='bbox 623 1490 670 1530; x_wconf 88' lang='lat' dir='ltr'><strong>et</strong></span> <span class='ocrx_word' id='word_1_131' title='bbox 708 1501 863 1530; x_wconf 88' lang='lat' dir='ltr'><strong>earum</strong></span> <span class='ocrx_word' id='word_1_132' title='bbox 894 1485 1156 1543; x_wconf 78' lang='lat' dir='ltr'><strong>magnitudo</strong></span> <span class='ocrx_word' id='word_1_133' title='bbox 1188 1490 1324 1544; x_wconf 89' lang='lat' dir='ltr'><strong>atque</strong></span> <span class='ocrx_word' id='word_1_134' title='bbox 1354 1484 1516 1541; x_wconf 78' lang='lat' dir='ltr'><strong>rubigo</strong></span> <span class='ocrx_word' id='word_1_135' title='bbox 1556 1500 1632 1529; x_wconf 84' lang='lat' dir='ltr'><strong>ea-</strong></span> 
     </span>
     <span class='ocr_line' id='line_1_19' title="bbox 158 1550 1633 1623; baseline 0 -16"><span class='ocrx_word' id='word_1_136' title='bbox 158 1565 262 1607; x_wconf 87' lang='lat' dir='ltr'><strong>dem</strong></span> <span class='ocrx_word' id='word_1_137' title='bbox 292 1564 472 1607; x_wconf 88' lang='lat' dir='ltr'><strong>omnino</strong></span> <span class='ocrx_word' id='word_1_138' title='bbox 503 1569 596 1620; x_wconf 81' lang='lat' dir='ltr'><strong>est,</strong></span> <span class='ocrx_word' id='word_1_139' title='bbox 625 1579 760 1623; x_wconf 86' lang='lat' dir='ltr'><strong>quam</strong></span> <span class='ocrx_word' id='word_1_140' title='bbox 790 1579 874 1609; x_wconf 88' lang='lat' dir='ltr'><strong>eae</strong></span> <span class='ocrx_word' id='word_1_141' title='bbox 906 1564 1091 1620; x_wconf 87' lang='lat' dir='ltr'><strong>habent,</strong></span> <span class='ocrx_word' id='word_1_142' title='bbox 1122 1578 1235 1622; x_wconf 85' lang='lat' dir='ltr'><strong>quas</strong></span> <span class='ocrx_word' id='word_1_143' title='bbox 1265 1563 1525 1608; x_wconf 82' lang='lat' dir='ltr'><strong>Schmidius</strong></span> <span class='ocrx_word' id='word_1_144' title='bbox 1556 1550 1633 1607; x_wconf 86' lang='lat' dir='ltr'><strong>de-</strong></span> 
     </span>
     <span class='ocr_line' id='line_1_20' title="bbox 157 1642 1634 1702; baseline 0.001 -14"><span class='ocrx_word' id='word_1_145' title='bbox 157 1643 362 1702; x_wconf 73' lang='lat' dir='ltr'><strong>scripsit.</strong></span> <span class='ocrx_word' id='word_1_146' title='bbox 428 1644 488 1688; x_wconf 90' lang='lat' dir='ltr'><strong>Et</strong></span> <span class='ocrx_word' id='word_1_147' title='bbox 517 1642 707 1687; x_wconf 83' lang='lat' dir='ltr'><strong>illustris</strong></span> <span class='ocrx_word' id='word_1_148' title='bbox 739 1645 948 1701; x_wconf 84' lang='lat' dir='ltr'><strong>Renner‚</strong></span> <span class='ocrx_word' id='word_1_149' title='bbox 977 1643 1217 1699; x_wconf 73' lang='lat' dir='ltr'><strong>senensis,</strong></span> <span class='ocrx_word' id='word_1_150' title='bbox 1248 1643 1291 1686; x_wconf 88' lang='lat' dir='ltr'><strong>in</strong></span> <span class='ocrx_word' id='word_1_151' title='bbox 1324 1644 1480 1688; x_wconf 82' lang='lat' dir='ltr'><strong>schola</strong></span> <span class='ocrx_word' id='word_1_152' title='bbox 1511 1649 1634 1689; x_wconf 89' lang='lat' dir='ltr'><strong>vete-</strong></span> 
     </span>
     <span class='ocr_line' id='line_1_21' title="bbox 158 1722 1633 1781; baseline -0.001 -13"><span class='ocrx_word' id='word_1_153' title='bbox 158 1722 332 1768; x_wconf 84' lang='lat' dir='ltr'><strong>rinaria</strong></span> <span class='ocrx_word' id='word_1_154' title='bbox 360 1738 489 1768; x_wconf 88' lang='lat' dir='ltr'><strong>meus</strong></span> <span class='ocrx_word' id='word_1_155' title='bbox 519 1723 740 1781; x_wconf 85' lang='lat' dir='ltr'><strong>quondam</strong></span> <span class='ocrx_word' id='word_1_156' title='bbox 770 1727 1066 1780; x_wconf 80' lang='lat' dir='ltr'><strong>praeceptor,</strong></span> <span class='ocrx_word' id='word_1_157' title='bbox 1104 1722 1229 1780; x_wconf 89' lang='lat' dir='ltr'><strong>ipsos</strong></span> <span class='ocrx_word' id='word_1_158' title='bbox 1265 1722 1368 1766; x_wconf 82' lang='lat' dir='ltr'><strong>illos</strong></span> <span class='ocrx_word' id='word_1_159' title='bbox 1397 1723 1633 1781; x_wconf 84' lang='lat' dir='ltr'><strong>terminos,</strong></span> 
     </span>
     <span class='ocr_line' id='line_1_22' title="bbox 156 1802 1635 1860; baseline 0.001 -14"><span class='ocrx_word' id='word_1_160' title='bbox 156 1808 469 1847; x_wconf 84' lang='lat' dir='ltr'><strong>transversum</strong></span> <span class='ocrx_word' id='word_1_161' title='bbox 509 1803 698 1860; x_wconf 81' lang='lat' dir='ltr'><strong>digitum</strong></span> <span class='ocrx_word' id='word_1_162' title='bbox 744 1818 884 1860; x_wconf 85' lang='lat' dir='ltr'><strong>supra</strong></span> <span class='ocrx_word' id='word_1_163' title='bbox 928 1802 1077 1847; x_wconf 86' lang='lat' dir='ltr'><strong>fulera</strong></span> <span class='ocrx_word' id='word_1_164' title='bbox 1118 1803 1423 1860; x_wconf 84' lang='lat' dir='ltr'><strong>prominentes</strong></span> <span class='ocrx_word' id='word_1_165' title='bbox 1443 1836 1457 1859; x_wconf 86' lang='lat'>‚</span> <span class='ocrx_word' id='word_1_166' title='bbox 1502 1804 1635 1860; x_wconf 78' lang='lat' dir='ltr'><strong>signa</strong></span> 
     </span>
     <span class='ocr_line' id='line_1_23' title="bbox 164 1881 1634 1942; baseline 0.001 -16"><span class='ocrx_word' id='word_1_167' title='bbox 164 1882 447 1942; x_wconf 79' lang='lat' dir='ltr'><strong>antiquitatis</strong></span> <span class='ocrx_word' id='word_1_168' title='bbox 487 1897 641 1927; x_wconf 87' lang='lat' dir='ltr'><strong>earum</strong></span> <span class='ocrx_word' id='word_1_169' title='bbox 680 1897 784 1926; x_wconf 83' lang='lat' dir='ltr'><strong>esse</strong></span> <span class='ocrx_word' id='word_1_170' title='bbox 821 1882 1064 1927; x_wconf 85' lang='lat' dir='ltr'><strong>contendit.</strong></span> <span class='ocrx_word' id='word_1_171' title='bbox 1124 1881 1338 1942; x_wconf 85' lang='lat' dir='ltr'><strong>Idemque</strong></span> <span class='ocrx_word' id='word_1_172' title='bbox 1376 1897 1449 1927; x_wconf 91' lang='lat' dir='ltr'><strong>me</strong></span> <span class='ocrx_word' id='word_1_173' title='bbox 1480 1884 1634 1928; x_wconf 84' lang='lat' dir='ltr'><strong>docuit</strong></span> 
     </span>
     <span class='ocr_line' id='line_1_24' title="bbox 156 1961 1634 2021; baseline 0.001 -15"><span class='ocrx_word' id='word_1_174' title='bbox 156 1962 276 2006; x_wconf 84' lang='lat' dir='ltr'><strong>bane</strong></span> <span class='ocrx_word' id='word_1_175' title='bbox 304 1962 500 2018; x_wconf 79' lang='lat' dir='ltr'><strong>ungulae</strong></span> <span class='ocrx_word' id='word_1_176' title='bbox 529 1962 720 2021; x_wconf 87' lang='lat' dir='ltr'><strong>equinae</strong></span> <span class='ocrx_word' id='word_1_177' title='bbox 750 1961 901 2006; x_wconf 87' lang='lat' dir='ltr'><strong>soleas</strong></span> <span class='ocrx_word' id='word_1_178' title='bbox 918 1962 1132 2019; x_wconf 76' lang='lat' dir='ltr'><strong>affigendi</strong></span> <span class='ocrx_word' id='word_1_179' title='bbox 1151 1963 1372 2007; x_wconf 88' lang='lat' dir='ltr'><strong>rationem</strong></span> <span class='ocrx_word' id='word_1_180' title='bbox 1392 1978 1448 2007; x_wconf 88' lang='lat' dir='ltr'><strong>ex</strong></span> <span class='ocrx_word' id='word_1_181' title='bbox 1467 1963 1634 2021; x_wconf 84' lang='lat' dir='ltr'><strong>Hispa-</strong></span> 
     </span>
     <span class='ocr_line' id='line_1_25' title="bbox 154 2041 1632 2106; baseline 0 -20"><span class='ocrx_word' id='word_1_182' title='bbox 154 2041 369 2106; x_wconf 19' lang='lat' dir='ltr'><strong>nia,uubi</strong></span> <span class='ocrx_word' id='word_1_183' title='bbox 408 2041 511 2087; x_wconf 88' lang='lat' dir='ltr'><strong>inde</strong></span> <span class='ocrx_word' id='word_1_184' title='bbox 551 2042 609 2086; x_wconf 86' lang='lat' dir='ltr'><strong>ab</strong></span> <span class='ocrx_word' id='word_1_185' title='bbox 647 2041 972 2101; x_wconf 79' lang='lat' dir='ltr'><strong>antiquissimis</strong></span> <span class='ocrx_word' id='word_1_186' title='bbox 1008 2043 1287 2100; x_wconf 86' lang='lat' dir='ltr'><strong>temporibus</strong></span> <span class='ocrx_word' id='word_1_187' title='bbox 1325 2043 1497 2087; x_wconf 85' lang='lat' dir='ltr'><strong>usitata</strong></span> <span class='ocrx_word' id='word_1_188' title='bbox 1534 2043 1632 2087; x_wconf 88' lang='lat' dir='ltr'><strong>fue-</strong></span> 
     </span>
     <span class='ocr_line' id='line_1_26' title="bbox 155 2120 1631 2180; baseline 0.001 -15"><span class='ocrx_word' id='word_1_189' title='bbox 155 2122 249 2179; x_wconf 85' lang='lat' dir='ltr'><strong>rit,</strong></span> <span class='ocrx_word' id='word_1_190' title='bbox 296 2122 613 2166; x_wconf 84' lang='lat' dir='ltr'><strong>recentissima</strong></span> <span class='ocrx_word' id='word_1_191' title='bbox 660 2123 837 2165; x_wconf 89' lang='lat' dir='ltr'><strong>demum</strong></span> <span class='ocrx_word' id='word_1_192' title='bbox 878 2127 1032 2166; x_wconf 86' lang='lat' dir='ltr'><strong>aetate</strong></span> <span class='ocrx_word' id='word_1_193' title='bbox 1070 2138 1152 2180; x_wconf 88' lang='lat' dir='ltr'><strong>per</strong></span> <span class='ocrx_word' id='word_1_194' title='bbox 1190 2120 1631 2166; x_wconf 80' lang='lat' dir='ltr'><strong>Franco-Gallicam</strong></span> 
     </span>
     <span class='ocr_line' id='line_1_27' title="bbox 157 2200 1632 2259; baseline 0.001 -15"><span class='ocrx_word' id='word_1_195' title='bbox 157 2215 262 2245; x_wconf 87' lang='lat' dir='ltr'><strong>esse</strong></span> <span class='ocrx_word' id='word_1_196' title='bbox 303 2201 550 2256; x_wconf 82' lang='lat' dir='ltr'><strong>sublatam3</strong></span> <span class='ocrx_word' id='word_1_197' title='bbox 590 2214 780 2259; x_wconf 85' lang='lat' dir='ltr'><strong>eamque</strong></span> <span class='ocrx_word' id='word_1_198' title='bbox 820 2201 1064 2245; x_wconf 83' lang='lat' dir='ltr'><strong>seeundum</strong></span> <span class='ocrx_word' id='word_1_199' title='bbox 1095 2201 1239 2259; x_wconf 86' lang='lat' dir='ltr'><strong>ipsius</strong></span> <span class='ocrx_word' id='word_1_200' title='bbox 1270 2200 1540 2248; x_wconf 85' lang='lat' dir='ltr'><strong>seutentiam</strong></span> <span class='ocrx_word' id='word_1_201' title='bbox 1572 2215 1632 2245; x_wconf 85' lang='lat' dir='ltr'><strong>ex</strong></span> 
     </span>
     <span class='ocr_line' id='line_1_28' title="bbox 153 2281 1630 2339; baseline -0.001 -14"><span class='ocrx_word' id='word_1_202' title='bbox 153 2281 405 2325; x_wconf 83' lang='lat' dir='ltr'><strong>Gothorum</strong></span> <span class='ocrx_word' id='word_1_203' title='bbox 435 2281 712 2339; x_wconf 85' lang='lat' dir='ltr'><strong>temporibus</strong></span> <span class='ocrx_word' id='word_1_204' title='bbox 743 2281 892 2324; x_wconf 84' lang='lat' dir='ltr'><strong>adhue</strong></span> <span class='ocrx_word' id='word_1_205' title='bbox 921 2281 1148 2325; x_wconf 86' lang='lat' dir='ltr'><strong>residuam</strong></span> <span class='ocrx_word' id='word_1_206' title='bbox 1181 2281 1351 2336; x_wconf 86' lang='lat' dir='ltr'><strong>fuisse,</strong></span> <span class='ocrx_word' id='word_1_207' title='bbox 1391 2281 1473 2323; x_wconf 87' lang='lat' dir='ltr'><strong>hos</strong></span> <span class='ocrx_word' id='word_1_208' title='bbox 1512 2281 1630 2324; x_wconf 88' lang='lat' dir='ltr'><strong>enim</strong></span> 
     </span>
     <span class='ocr_line' id='line_1_29' title="bbox 156 2359 1632 2420; baseline 0.001 -16"><span class='ocrx_word' id='word_1_209' title='bbox 156 2360 281 2405; x_wconf 87' lang='lat' dir='ltr'><strong>illum</strong></span> <span class='ocrx_word' id='word_1_210' title='bbox 303 2359 721 2420; x_wconf 83' lang='lat' dir='ltr'><strong>septentrionalium</strong></span> <span class='ocrx_word' id='word_1_211' title='bbox 738 2361 940 2419; x_wconf 81' lang='lat' dir='ltr'><strong>gentium</strong></span> <span class='ocrx_word' id='word_1_212' title='bbox 961 2377 1129 2406; x_wconf 88' lang='lat' dir='ltr'><strong>morem</strong></span> <span class='ocrx_word' id='word_1_213' title='bbox 1150 2360 1194 2405; x_wconf 89' lang='lat' dir='ltr'><strong>in</strong></span> <span class='ocrx_word' id='word_1_214' title='bbox 1209 2360 1475 2419; x_wconf 83' lang='lat' dir='ltr'><strong>Hispaniam</strong></span> <span class='ocrx_word' id='word_1_215' title='bbox 1486 2366 1632 2406; x_wconf 84' lang='lat' dir='ltr'><strong>trans-</strong></span> 
     </span>
     <span class='ocr_line' id='line_1_30' title="bbox 154 2440 1628 2500; baseline 0.001 -16"><span class='ocrx_word' id='word_1_216' title='bbox 154 2440 326 2485; x_wconf 85' lang='lat' dir='ltr'><strong>tulisse.</strong></span> <span class='ocrx_word' id='word_1_217' title='bbox 385 2440 519 2497; x_wconf 87' lang='lat' dir='ltr'><strong>Apud</strong></span> <span class='ocrx_word' id='word_1_218' title='bbox 549 2440 889 2485; x_wconf 86' lang='lat' dir='ltr'><strong>Beekmannum</strong></span> <span class='ocrx_word' id='word_1_219' title='bbox 922 2441 1059 2486; x_wconf 85' lang='lat' dir='ltr'><strong>etiam</strong></span> <span class='ocrx_word' id='word_1_220' title='bbox 1091 2440 1241 2500; x_wconf 87' lang='lat' dir='ltr'><strong>aliquo</strong></span> <span class='ocrx_word' id='word_1_221' title='bbox 1271 2440 1372 2485; x_wconf 87' lang='lat' dir='ltr'><strong>loeo</strong></span> <span class='ocrx_word' id='word_1_222' title='bbox 1396 2442 1456 2496; x_wconf 85' lang='lat'><strong>¹),</strong></span> <span class='ocrx_word' id='word_1_223' title='bbox 1492 2445 1628 2485; x_wconf 44' lang='lat' dir='ltr'><strong>‘vetu-</strong></span> 
     </span>
    </p>
   </div>
   <div class='ocr_carea' id='block_1_3' title="bbox 150 2610 1628 2832">
    <p class='ocr_par' dir='ltr' id='par_1_3' title="bbox 150 2610 1628 2832">
     <span class='ocr_line' id='line_1_31' title="bbox 243 2610 1628 2660; baseline 0.004 -15"><span class='ocrx_word' id='word_1_224' title='bbox 243 2611 282 2652; x_wconf 83' lang='lat'><strong>1)</strong></span> <span class='ocrx_word' id='word_1_225' title='bbox 311 2612 365 2646; x_wconf 80' lang='lat' dir='ltr'><strong>Cf.</strong></span> <span class='ocrx_word' id='word_1_226' title='bbox 389 2611 432 2653; x_wconf 64' lang='grc'><strong>3.</strong></span> <span class='ocrx_word' id='word_1_227' title='bbox 456 2610 499 2648; x_wconf 70' lang='grc' dir='ltr'><strong>(ξ.</strong></span> <span class='ocrx_word' id='word_1_228' title='bbox 522 2610 773 2655; x_wconf 65' lang='lat' dir='ltr'><strong>ffiedmunn,</strong></span> <span class='ocrx_word' id='word_1_229' title='bbox 803 2610 912 2657; x_wconf 62' lang='lat' dir='ltr'><strong>histor.</strong></span> <span class='ocrx_word' id='word_1_230' title='bbox 935 2610 1168 2660; x_wconf 53' lang='lat' dir='ltr'><strong>&amp;Befdbteibung</strong></span> <span class='ocrx_word' id='word_1_231' title='bbox 1201 2613 1256 2649; x_wconf 78' lang='lat' dir='ltr'><strong>ber</strong></span> <span class='ocrx_word' id='word_1_232' title='bbox 1287 2611 1404 2658; x_wconf 62' lang='lat' dir='ltr'><strong>§buta</strong></span> <span class='ocrx_word' id='word_1_233' title='bbox 1433 2613 1498 2650; x_wconf 81' lang='lat' dir='ltr'><strong>unb</strong></span> <span class='ocrx_word' id='word_1_234' title='bbox 1523 2614 1628 2651; x_wconf 65' lang='grc' dir='ltr'><strong>ἐῢῒατῑ</strong></span> 
     </span>
     <span class='ocr_line' id='line_1_32' title="bbox 150 2667 1627 2716; baseline 0.003 -13"><span class='ocrx_word' id='word_1_235' title='bbox 150 2668 405 2715; x_wconf 68' lang='lat' dir='ltr'><strong>mrmmenburg.</strong></span> <span class='ocrx_word' id='word_1_236' title='bbox 428 2670 529 2704; x_wconf 73' lang='lat' dir='ltr'><strong>Tem.</strong></span> <span class='ocrx_word' id='word_1_237' title='bbox 543 2670 585 2703; x_wconf 85' lang='grc' dir='ltr'><strong>ΙΙ.</strong></span> <span class='ocrx_word' id='word_1_238' title='bbox 611 2680 643 2712; x_wconf 82' lang='lat' dir='ltr'><strong>p.</strong></span> <span class='ocrx_word' id='word_1_239' title='bbox 657 2671 741 2705; x_wconf 73' lang='lat'><strong>401.</strong></span> <span class='ocrx_word' id='word_1_240' title='bbox 773 2670 863 2713; x_wconf 55' lang='lat' dir='ltr'><strong>„zie</strong></span> <span class='ocrx_word' id='word_1_241' title='bbox 877 2671 1026 2715; x_wconf 55' lang='lat' dir='ltr'><strong>eufeisen</strong></span> <span class='ocrx_word' id='word_1_242' title='bbox 1049 2671 1111 2707; x_wconf 79' lang='lat' dir='ltr'><strong>mit</strong></span> <span class='ocrx_word' id='word_1_243' title='bbox 1135 2671 1194 2706; x_wconf 80' lang='lat' dir='ltr'><strong>ben</strong></span> <span class='ocrx_word' id='word_1_244' title='bbox 1217 2667 1299 2713; x_wconf 66' lang='lat' dir='ltr'><strong>nicht</strong></span> <span class='ocrx_word' id='word_1_245' title='bbox 1323 2669 1533 2713; x_wconf 63' lang='lat' dir='ltr'><strong>untermatte,</strong></span> <span class='ocrx_word' id='word_1_246' title='bbox 1556 2674 1627 2716; x_wconf 75' lang='lat' dir='ltr'><strong>fon:</strong></span> 
     </span>
     <span class='ocr_line' id='line_1_33' title="bbox 152 2724 1628 2774; baseline 0.003 -16"><span class='ocrx_word' id='word_1_247' title='bbox 152 2725 229 2759; x_wconf 70' lang='lat' dir='ltr'><strong>bern</strong></span> <span class='ocrx_word' id='word_1_248' title='bbox 269 2724 303 2759; x_wconf 75' lang='lat' dir='ltr'><strong>in</strong></span> <span class='ocrx_word' id='word_1_249' title='bbox 341 2725 389 2759; x_wconf 75' lang='lat' dir='ltr'><strong>bie</strong></span> <span class='ocrx_word' id='word_1_250' title='bbox 418 2724 509 2769; x_wconf 64' lang='lat' dir='ltr'><strong>50th</strong></span> <span class='ocrx_word' id='word_1_251' title='bbox 544 2726 700 2769; x_wconf 61' lang='lat' dir='ltr'><strong>gebenben</strong></span> <span class='ocrx_word' id='word_1_252' title='bbox 732 2726 867 2762; x_wconf 64' lang='lat' dir='ltr'><strong>&amp;ouen</strong></span> <span class='ocrx_word' id='word_1_253' title='bbox 884 2750 894 2768; x_wconf 73' lang='grc'><strong><em>,</em></strong></span> <span class='ocrx_word' id='word_1_254' title='bbox 933 2726 1121 2772; x_wconf 65' lang='grc' dir='ltr'><strong>δεεςίείώεη</strong></span> <span class='ocrx_word' id='word_1_255' title='bbox 1151 2727 1185 2762; x_wconf 74' lang='lat' dir='ltr'><strong>in</strong></span> <span class='ocrx_word' id='word_1_256' title='bbox 1215 2725 1395 2771; x_wconf 65' lang='lat' dir='ltr'><strong>gebacbtem</strong></span> <span class='ocrx_word' id='word_1_257' title='bbox 1426 2729 1557 2774; x_wconf 58' lang='lat' dir='ltr'><strong>zbutm</strong></span> <span class='ocrx_word' id='word_1_258' title='bbox 1588 2737 1628 2774; x_wconf 64' lang='lat' dir='ltr'><strong>gu</strong></span> 
     </span>
     <span class='ocr_line' id='line_1_34' title="bbox 151 2772 1627 2832; baseline 0.003 -15"><span class='ocrx_word' id='word_1_259' title='bbox 151 2772 326 2826; x_wconf 61' lang='lat' dir='ltr'><strong>mathsee,</strong></span> <span class='ocrx_word' id='word_1_260' title='bbox 366 2781 430 2817; x_wconf 64' lang='lat' dir='ltr'><strong>uno</strong></span> <span class='ocrx_word' id='word_1_261' title='bbox 461 2781 510 2818; x_wconf 70' lang='lat' dir='ltr'><strong>bei</strong></span> <span class='ocrx_word' id='word_1_262' title='bbox 540 2782 766 2827; x_wconf 56' lang='lat' dir='ltr'><strong>git-heumann</strong></span> <span class='ocrx_word' id='word_1_263' title='bbox 800 2782 834 2820; x_wconf 74' lang='lat' dir='ltr'><strong>in</strong></span> <span class='ocrx_word' id='word_1_264' title='bbox 864 2783 965 2822; x_wconf 73' lang='lat' dir='ltr'><strong>ciuem</strong></span> <span class='ocrx_word' id='word_1_265' title='bbox 996 2785 1067 2821; x_wconf 73' lang='lat' dir='ltr'><strong>bem</strong></span> <span class='ocrx_word' id='word_1_266' title='bbox 1097 2785 1207 2828; x_wconf 61' lang='lat' dir='ltr'><strong>Qettn</strong></span> <span class='ocrx_word' id='word_1_267' title='bbox 1239 2784 1333 2830; x_wconf 59' lang='lat' dir='ltr'><strong>anai.</strong></span> <span class='ocrx_word' id='word_1_268' title='bbox 1366 2792 1399 2822; x_wconf 78' lang='grc' dir='ltr'><strong>υ.</strong></span> <span class='ocrx_word' id='word_1_269' title='bbox 1421 2785 1541 2824; x_wconf 67' lang='lat' dir='ltr'><strong>xtnim</strong></span> <span class='ocrx_word' id='word_1_270' title='bbox 1573 2794 1627 2832; x_wconf 59' lang='lat' dir='ltr'><strong>gu«</strong></span> 
     </span>
    </p>
   </div>
  </div>
 </body>
</html>
