1781 3217
730 111 1034 158 ...4-

164 239 304 287 multa
332 231 509 285 nomina
539 236 810 294 singulorum
836 233 1049 279 montium
1068 226 1370 291 silvarumque
1388 224 1615 275 tractuum

162 323 291 366 nobis
319 321 525 366 videntur
554 316 757 373 periisse.
816 314 876 357 Et
906 315 951 357 in
980 315 1052 357 his
1083 313 1209 358 silvis
1238 312 1549 371 montibusque
1570 317 1618 356 et

162 403 279 447 inter
298 417 352 445 ea
367 402 552 455 praeter
566 395 754 453 paludes
773 394 907 438 etiam
928 392 1070 436 multa
1088 398 1247 449 aperta
1274 399 1404 437 erant
1433 398 1479 437 et
1507 391 1617 436 culti

164 480 277 538 agri,
296 480 338 521 in
356 476 514 535 quibus
530 475 707 531 oppida,
723 474 811 519 vici
830 479 874 518 et
888 472 992 530 pagi
1013 472 1102 516 sita
1128 477 1271 529 erant,
1292 486 1407 531 quae
1424 471 1617 516 Romani

161 559 265 603 belli
295 555 567 613 temporibus
598 554 755 598 crebro
787 552 1055 608 diripiebant
1073 567 1129 595 ac
1147 552 1446 596 devastabant
1459 556 1509 605 ι),
1538 551 1617 595 ubi

161 653 335 697 pugnas
376 634 709 679 committebant
728 634 789 690 ²),
836 647 1039 690 quaeque
1079 626 1190 675 cuin
1218 630 1421 674 omnibus
1464 631 1615 683 rebus,

163 734 277 778 quae
306 716 414 760 ferri
444 715 606 772 agique
636 716 844 769 poterant
874 717 919 755 et
949 711 1074 754 facta
1104 712 1295 767 praeda,
1343 710 1386 752 in
1418 711 1615 754 hostium

162 796 487 843 incursionibus
534 810 634 838 cum
673 793 799 838 silvis
836 792 892 836 ab
933 791 1094 836 incolis
1140 790 1528 836 commutabantur
1556 794 1614 847 ³).

249 945 283 984 1)
306 945 409 978 Caes.
434 946 471 978 B.
496 945 538 978 G.
561 945 630 988 IV,
654 945 711 978 19.
758 942 895 977 caesar
917 951 1051 985 paucos
1073 944 1149 976 dies
1169 944 1208 975 in
1230 950 1357 975 eorum
1386 944 1615 985 (Sigambro-

159 1005 253 1041 rum)
276 1003 400 1036 finibus
423 1004 602 1041 moratus,
634 1001 795 1034 omnibus
819 1003 910 1033 vicis
934 1001 1169 1042 aedificiisque
1200 1000 1375 1041 incensis,
1406 999 1614 1034 frumentis-

159 1069 224 1103 que
247 1062 413 1102 succisis,
434 1068 475 1091 se
497 1061 534 1092 in
554 1060 644 1091 fines
666 1060 832 1092 Ubiorum
855 1060 1001 1099 recepit.

246 1117 330 1148 Tac.
354 1118 446 1148 Anu.
469 1116 504 1158 1,
527 1117 602 1147 56.:
636 1115 773 1156 Reliqui
799 1117 939 1147 omissis
962 1115 1063 1156 pagis
1086 1114 1247 1154 vicisque
1266 1114 1306 1145 in
1334 1112 1445 1144 silvas
1476 1112 1614 1153 disper-

156 1174 295 1215 guntur.
342 1171 490 1213 Caesar,
511 1172 658 1203 incenso
674 1171 798 1203 Mattio
822 1171 873 1208 (id
896 1172 994 1212 genti
1017 1172 1148 1212 caput),
1171 1169 1313 1212 aperta
1328 1168 1613 1213 populabatur,

157 1232 266 1262 vertit
295 1231 338 1262 ad
360 1230 529 1262 Rhenum.
561 1229 634 1261 lbid
657 1229 691 1269 1,
721 1228 801 1261 60.:
831 1228 982 1261 Ductum
1010 1228 1090 1260 inde
1121 1236 1250 1269 agmen
1277 1227 1321 1258 ad
1352 1227 1494 1259 ultimos
1526 1229 1614 1259 Bru-

158 1288 353 1318 cterorum:
385 1285 643 1326 quantumque
667 1284 856 1315 Amisiam
878 1285 993 1325 atque
1016 1284 1212 1325 Luppiam
1234 1290 1364 1314 amnes
1387 1283 1515 1326 inter,
1541 1291 1611 1313 va-

159 1343 307 1373 statum:
343 1341 432 1373 haud
453 1341 576 1382 procul
600 1341 884 1383 Teutoburgensi
906 1340 1019 1383 saltu,
1048 1342 1085 1372 in
1108 1347 1176 1382 quo
1199 1338 1478 1382 reliquiaevari
1499 1339 1614 1381 legio-

156 1406 307 1439 numque
330 1397 524 1438 insepultae
548 1397 762 1429 dicebantur.

247 1454 338 1486 Vell.
372 1454 449 1485 Pat.
481 1454 531 1496 11,
564 1453 663 1485 120.:
706 1454 807 1485 Ultro
837 1454 997 1487 Rhenum
1030 1461 1110 1487 cum
1149 1454 1309 1486 exercitu
1341 1455 1613 1496 transgreditur.

160 1513 319 1544 Arminio
340 1512 481 1552 territo,
505 1518 607 1551 quem
631 1511 790 1542 arcuisse
813 1512 913 1551 pater
936 1514 972 1543 et
995 1513 1110 1552 patria
1133 1512 1289 1543 contenti
1312 1512 1427 1552 erant,
1450 1511 1616 1551 penetrat

162 1569 331 1608 interius,
354 1569 467 1607 aperit
486 1566 634 1608 limites,
656 1566 789 1598 vastat
800 1574 936 1610 uaros,
956 1567 1040 1599 urit
1056 1567 1204 1611 domos,
1219 1566 1354 1608 fundit
1370 1567 1518 1610 obvios,
1544 1570 1611 1598 ete.

251 1622 319 1655 Dio
342 1621 445 1655 Cass.
468 1621 491 1653 l.
516 1621 590 1653 LV.
615 1629 646 1653 c.
671 1622 704 1654 1.
750 1621 888 1654 Drusus
911 1624 949 1655 in
971 1622 1179 1656 Chattorum
1201 1623 1291 1656 fines
1314 1625 1522 1666 ingressus,
1546 1623 1612 1655 ob-

163 1681 224 1711 via
246 1687 403 1720 quaeque
424 1686 498 1710 non
520 1679 598 1709 sine
620 1685 749 1718 magno
772 1677 894 1709 labore
917 1679 1130 1720 subigendo,
1161 1687 1449 1720 congressosque
1470 1680 1615 1719 proeliis

160 1735 251 1768 haud
272 1735 457 1767 incruenta
479 1734 631 1766 victoria
653 1733 870 1775 superando,
897 1734 943 1765 ad
965 1735 1104 1767 Suevos
1127 1742 1238 1776 usque
1260 1737 1441 1776 pervenit3
1469 1736 1551 1768 inde
1577 1737 1615 1767 in

163 1791 367 1825 Cheruscos
389 1799 588 1824 conversos
611 1792 758 1832 itinere,
804 1790 995 1832 Visurgim
1029 1791 1292 1833 transyressus
1323 1793 1452 1824 omnia
1484 1801 1613 1835 popu-

161 1847 277 1878 lando
302 1854 419 1888 usque
443 1847 496 1878 ad
519 1846 646 1878 Albim
668 1846 857 1887 perrexit.
881 1847 964 1878 Ibid.
990 1847 1014 1878 1.
1039 1847 1127 1879 LVI.
1154 1857 1184 1880 c.
1208 1848 1267 1880 25.
1292 1849 1455 1881 Tiberius
1471 1850 1508 1880 et
1520 1848 1614 1880 Ger-

162 1904 338 1937 manicas.
351 1925 382 1935 ..
405 1904 675 1944 impressionem
688 1904 723 1935 in
737 1903 961 1935 Germaniam
984 1904 1165 1937 fecerunt:
1187 1913 1231 1938 ac
1252 1906 1406 1947 populati
1427 1906 1616 1939 nonnullas

160 1962 282 2000 partes
305 1963 374 1991 etc.

252 2014 286 2053 ²)
310 2016 394 2047 Tac.
417 2014 510 2047 Anu.
534 2014 570 2058 Ι,
593 2017 648 2047 63.
703 2016 771 2047 Sed
796 2016 1026 2049 Germanicus
1051 2017 1233 2051 cedentem
1255 2019 1291 2050 in
1314 2019 1397 2050 avia
1418 2017 1614 2052 Arminium

162 2072 315 2115 secutus,
338 2072 396 2104 ubi
417 2074 566 2114 primum
588 2074 689 2114 copia
710 2073 786 2115 fuit,
810 2074 916 2106 evehi
933 2075 1080 2117 equites,
1105 2082 1355 2118 campumque
1371 2083 1482 2119 quem
1496 2075 1615 2108 hostis

162 2128 382 2171 insederat,
415 2130 504 2169 eripi
520 2126 633 2170 jubet.
663 2129 747 2161 Ibid.
771 2130 829 2161 64.
877 2131 965 2162 Nam
988 2132 1110 2163 medio
1134 2133 1320 2164 montium
1349 2141 1397 2163 ac
1426 2132 1616 2173 paludum

161 2181 439 2226 porrigebatur
462 2184 669 2229 planities,
703 2194 790 2227 quae
812 2188 953 2220 tenuem
967 2189 1079 2221 aciem
1104 2190 1300 2229 pateretur.
1345 2189 1392 2221 Et
1416 2189 1530 2229 capite
1553 2196 1614 2219 se-

161 2243 301 2282 quente,
318 2241 375 2272 ubi
396 2242 439 2273 de
463 2242 587 2274 eodem
610 2242 665 2274 die
688 2246 791 2284 atque
807 2244 930 2276 eadem
945 2254 1061 2286 pugna
1075 2247 1205 2288 agitur,
1225 2247 1354 2278 iterum
1367 2245 1513 2287 legitur:
1536 2247 1614 2278 eni-

161 2305 295 2338 saeque
318 2296 496 2339 legiones,
520 2301 733 2338 vesperante
756 2300 831 2340 die,
854 2300 897 2330 in
921 2301 1061 2341 aperta
1084 2301 1122 2331 et
1143 2300 1280 2332 solida.

249 2351 285 2391 3)
310 2352 413 2385 Caes.
438 2355 475 2385 Β.
501 2353 542 2384 G.
565 2354 635 2395 IV,
667 2354 724 2386 18.
782 2356 829 2387 At
857 2357 1030 2397 Sigambri
1062 2365 1108 2389 ex
1138 2365 1184 2389 eo
1215 2359 1395 2400 tempore,
1426 2365 1493 2399 quo
1522 2367 1615 2399 pons

159 2411 291 2441 institui
314 2411 461 2449 coeptus
484 2412 551 2452 est,
572 2411 656 2451 suga
679 2413 938 2451 comparata...
963 2413 1089 2445 finibus
1110 2416 1185 2446 suis
1200 2418 1445 2456 excesserant,
1466 2422 1613 2456 suaque

161 2466 287 2496 omnia
303 2465 625 2510 ezr-portaverant,
643 2475 754 2509 seque
771 2468 812 2498 in
827 2466 1055 2501 solitudines
1072 2477 1120 2501 ac
1134 2469 1253 2501 silmas
1269 2468 1512 2503 abdiderant.
1528 2471 1612 2504 Ibid.

161 2530 191 2553 c.
211 2522 266 2553 19.
312 2521 449 2556 Caesar
469 2530 599 2562 paucos
623 2524 698 2554 dies
721 2525 757 2556 in
775 2532 899 2556 eorum
913 2525 1037 2557 finibus
1051 2530 1223 2568 moratus,
1247 2525 1419 2558 omnibus
1432 2528 1529 2560 vicis
1546 2538 1613 2561 ae-

161 2575 373 2620 dificiisque
388 2578 552 2609 incensis
571 2577 850 2621 frumentisque
869 2582 1056 2626 succisis,
1087 2590 1128 2615 se
1150 2584 1187 2616 in
1208 2583 1299 2615 fines
1320 2584 1485 2617 Ubiorum
1507 2593 1613 2618 rece-

163 2635 229 2674 pit3
260 2636 419 2676 atque...
444 2634 489 2667 ab
511 2636 555 2666 iis
579 2637 767 2676 cognovit:
796 2637 935 2669 Suevos
960 2660 969 2670 .
986 2660 996 2670 .
1013 2662 1022 2671 .
1047 2640 1188 2672 nuntios
1208 2640 1247 2672 in
1269 2648 1394 2672 omnes
1415 2643 1536 2682 partes
1557 2643 1612 2674 di-

165 2689 317 2730 misisse,
338 2691 397 2721 uti
410 2690 454 2722 de
471 2689 624 2733 oppidis
641 2691 921 2737 ‹immi-arent,
944 2695 1089 2737 liberos,
1116 2702 1260 2738 uxores,
1283 2704 1414 2737 suaque
1436 2700 1554 2731 omnia
1575 2700 1612 2730 in

164 2743 283 2776 silvas
305 2745 531 2786 deponerent.
565 2767 600 2772 —-
637 2748 721 2782 lbid.
744 2748 806 2782 VI.
831 2750 946 2784 c.„10.
971 2750 1151 2790 (caesar)
1180 2751 1276 2784 Ubiis
1299 2754 1464 2798 imperat,
1487 2757 1525 2788 ut
1545 2763 1611 2796 pe-

165 2809 251 2833 cora
274 2801 446 2834 deducant
467 2811 597 2846 suaque
621 2807 737 2840 omnia
760 2814 805 2838 ex
827 2808 924 2849 agris
946 2808 982 2839 in
1006 2806 1132 2848 oppida
1154 2809 1349 2843 conferant.
1379 2811 1461 2844 Ibid.
1493 2821 1525 2843 c.
1549 2811 1607 2843 41.
